Symbol,Date,Bid,Ask
BTCUSD,2016-01-04 18:00:40.420,1.08196,1.082
BTCUSD,2016-01-04 18:00:40.442,1.08194,1.082
BTCUSD,2016-01-04 18:00:40.528,1.08196,1.082
BTCUSD,2016-01-04 18:00:40.554,1.08194,1.082
BTCUSD,2016-01-04 18:00:40.651,1.08194,1.08198
BTCUSD,2016-01-04 18:00:40.683,1.08194,1.082
BTCUSD,2016-01-04 18:00:40.926,1.08196,1.082
BTCUSD,2016-01-04 18:00:41.068,1.08194,1.082
BTCUSD,2016-01-04 18:00:43.988,1.08194,1.08198
BTCUSD,2016-01-04 18:00:45.149,1.08194,1.082
BTCUSD,2016-01-04 18:00:46.603,1.08194,1.08198
BTCUSD,2016-01-04 18:00:49.523,1.08194,1.082
BTCUSD,2016-01-04 18:00:49.679,1.08194,1.08198
BTCUSD,2016-01-04 18:00:49.770,1.08194,1.082
BTCUSD,2016-01-04 18:00:51.255,1.08194,1.08198
BTCUSD,2016-01-04 18:00:51.304,1.0819299999999998,1.08198
BTCUSD,2016-01-04 18:00:51.338,1.0819,1.08194
BTCUSD,2016-01-04 18:00:51.392,1.08191,1.08194
BTCUSD,2016-01-04 18:00:51.459,1.0819,1.08194
BTCUSD,2016-01-04 18:00:52.077,1.0819,1.08192
BTCUSD,2016-01-04 18:00:52.092,1.0819,1.08194
BTCUSD,2016-01-04 18:00:52.144,1.0819,1.08192
BTCUSD,2016-01-04 18:00:52.158,1.0819,1.08194
BTCUSD,2016-01-04 18:00:52.221,1.08189,1.08194
BTCUSD,2016-01-04 18:00:52.231,1.0819,1.08194
BTCUSD,2016-01-04 18:00:52.291,1.0819,1.08192
BTCUSD,2016-01-04 18:00:52.436,1.08189,1.08192
BTCUSD,2016-01-04 18:00:54.387,1.0819,1.08192
BTCUSD,2016-01-04 18:00:54.410,1.08189,1.08191
BTCUSD,2016-01-04 18:00:54.429,1.0819,1.08191
BTCUSD,2016-01-04 18:00:54.709,1.0819,1.08194
BTCUSD,2016-01-04 18:00:54.723,1.08189,1.08194
BTCUSD,2016-01-04 18:00:54.846,1.08187,1.08192
BTCUSD,2016-01-04 18:00:55.127,1.08187,1.08191
BTCUSD,2016-01-04 18:00:55.840,1.08189,1.08191
BTCUSD,2016-01-04 18:00:57.725,1.08187,1.08191
BTCUSD,2016-01-04 18:00:57.744,1.08187,1.08194
BTCUSD,2016-01-04 18:00:57.758,1.08189,1.08194
BTCUSD,2016-01-04 18:00:57.827,1.0819,1.08194
BTCUSD,2016-01-04 18:00:58.142,1.08191,1.08194
BTCUSD,2016-01-04 18:00:58.344,1.0819,1.08194
BTCUSD,2016-01-04 18:01:00.052,1.08191,1.08194
BTCUSD,2016-01-04 18:01:00.096,1.0819,1.08194
BTCUSD,2016-01-04 18:01:00.222,1.08189,1.08194
BTCUSD,2016-01-04 18:01:00.285,1.08189,1.08192
BTCUSD,2016-01-04 18:01:00.326,1.08187,1.08192
BTCUSD,2016-01-04 18:01:00.390,1.08187,1.08191
BTCUSD,2016-01-04 18:01:00.524,1.08189,1.08191
BTCUSD,2016-01-04 18:01:00.628,1.0819,1.08191
BTCUSD,2016-01-04 18:01:01.065,1.0819,1.08194
BTCUSD,2016-01-04 18:01:01.119,1.08189,1.08194
BTCUSD,2016-01-04 18:01:01.509,1.0819,1.08194
BTCUSD,2016-01-04 18:01:03.470,1.0819,1.08192
BTCUSD,2016-01-04 18:01:03.630,1.08189,1.08192
BTCUSD,2016-01-04 18:01:03.651,1.08189,1.08191
BTCUSD,2016-01-04 18:01:03.790,1.08187,1.08191
BTCUSD,2016-01-04 18:01:03.899,1.08187,1.08188
BTCUSD,2016-01-04 18:01:03.911,1.08186,1.08188
BTCUSD,2016-01-04 18:01:03.936,1.0818299999999998,1.08187
BTCUSD,2016-01-04 18:01:04.035,1.08182,1.08187
BTCUSD,2016-01-04 18:01:04.104,1.08182,1.08184
BTCUSD,2016-01-04 18:01:04.301,1.0818,1.08184
BTCUSD,2016-01-04 18:01:05.253,1.0818,1.0818299999999998
BTCUSD,2016-01-04 18:01:05.417,1.08179,1.0818299999999998
BTCUSD,2016-01-04 18:01:08.318,1.0818,1.0818299999999998
BTCUSD,2016-01-04 18:01:08.362,1.0818,1.08184
BTCUSD,2016-01-04 18:01:10.651,1.08182,1.08184
BTCUSD,2016-01-04 18:01:10.837,1.0818,1.08184
BTCUSD,2016-01-04 18:01:10.909,1.0818,1.08185
BTCUSD,2016-01-04 18:01:10.948,1.08182,1.08185
BTCUSD,2016-01-04 18:01:10.956,1.08182,1.08187
BTCUSD,2016-01-04 18:01:12.710,1.0818,1.08187
BTCUSD,2016-01-04 18:01:12.791,1.08182,1.08187
BTCUSD,2016-01-04 18:01:13.117,1.0818299999999998,1.08187
BTCUSD,2016-01-04 18:01:13.702,1.08182,1.08187
BTCUSD,2016-01-04 18:01:13.849,1.08182,1.08185
BTCUSD,2016-01-04 18:01:14.217,1.08182,1.08187
BTCUSD,2016-01-04 18:01:14.243,1.0818299999999998,1.08187
BTCUSD,2016-01-04 18:01:14.341,1.08182,1.08187
BTCUSD,2016-01-04 18:01:14.514,1.0818299999999998,1.08187
BTCUSD,2016-01-04 18:01:15.269,1.08184,1.08187
BTCUSD,2016-01-04 18:01:15.414,1.08186,1.08187
BTCUSD,2016-01-04 18:01:15.458,1.08184,1.08187
BTCUSD,2016-01-04 18:01:15.736,1.08184,1.08188
BTCUSD,2016-01-04 18:01:15.747,1.0818299999999998,1.08188
BTCUSD,2016-01-04 18:01:15.822,1.08182,1.08188
BTCUSD,2016-01-04 18:01:15.841,1.08182,1.08185
BTCUSD,2016-01-04 18:01:15.866,1.0818,1.08185
BTCUSD,2016-01-04 18:01:15.930,1.08182,1.08185
BTCUSD,2016-01-04 18:01:16.981,1.0818299999999998,1.08185
BTCUSD,2016-01-04 18:01:17.133,1.0818,1.08185
BTCUSD,2016-01-04 18:01:17.243,1.0818299999999998,1.08185
BTCUSD,2016-01-04 18:01:17.349,1.0818,1.08185
BTCUSD,2016-01-04 18:01:17.425,1.0818,1.08181
BTCUSD,2016-01-04 18:01:17.441,1.0817700000000001,1.08181
BTCUSD,2016-01-04 18:01:17.466,1.0817700000000001,1.0818
BTCUSD,2016-01-04 18:01:17.492,1.08176,1.0818
BTCUSD,2016-01-04 18:01:17.587,1.08174,1.0818
BTCUSD,2016-01-04 18:01:17.741,1.08174,1.08178
BTCUSD,2016-01-04 18:01:17.765,1.08176,1.08178
BTCUSD,2016-01-04 18:01:17.830,1.08174,1.0818
BTCUSD,2016-01-04 18:01:17.954,1.08174,1.08178
BTCUSD,2016-01-04 18:01:18.079,1.08176,1.08178
BTCUSD,2016-01-04 18:01:20.047,1.08174,1.08178
BTCUSD,2016-01-04 18:01:20.619,1.0817299999999999,1.08178
BTCUSD,2016-01-04 18:01:20.651,1.08172,1.08178
BTCUSD,2016-01-04 18:01:20.659,1.08172,1.0817700000000001
BTCUSD,2016-01-04 18:01:20.674,1.0817,1.0817700000000001
BTCUSD,2016-01-04 18:01:20.743,1.0817,1.08174
BTCUSD,2016-01-04 18:01:21.017,1.08169,1.08174
BTCUSD,2016-01-04 18:01:21.041,1.0816700000000001,1.08174
BTCUSD,2016-01-04 18:01:21.147,1.08169,1.08174
BTCUSD,2016-01-04 18:01:21.157,1.08169,1.0817299999999999
BTCUSD,2016-01-04 18:01:21.215,1.08169,1.08174
BTCUSD,2016-01-04 18:01:21.350,1.0816700000000001,1.0817299999999999
BTCUSD,2016-01-04 18:01:22.107,1.0816700000000001,1.08174
BTCUSD,2016-01-04 18:01:22.140,1.0816700000000001,1.08171
BTCUSD,2016-01-04 18:01:23.926,1.0816700000000001,1.0817299999999999
BTCUSD,2016-01-04 18:01:24.226,1.08169,1.0817299999999999
BTCUSD,2016-01-04 18:01:26.489,1.0817,1.08174
BTCUSD,2016-01-04 18:01:26.500,1.08172,1.08174
BTCUSD,2016-01-04 18:01:26.529,1.0817299999999999,1.08174
BTCUSD,2016-01-04 18:01:26.565,1.08174,1.0817700000000001
BTCUSD,2016-01-04 18:01:26.594,1.08174,1.08178
BTCUSD,2016-01-04 18:01:26.625,1.08174,1.0818
BTCUSD,2016-01-04 18:01:26.707,1.0817299999999999,1.0818
BTCUSD,2016-01-04 18:01:26.747,1.0817299999999999,1.08178
BTCUSD,2016-01-04 18:01:26.942,1.08172,1.08178
BTCUSD,2016-01-04 18:01:26.965,1.08172,1.0817700000000001
BTCUSD,2016-01-04 18:01:27.053,1.08172,1.08175
BTCUSD,2016-01-04 18:01:27.148,1.08172,1.0817700000000001
BTCUSD,2016-01-04 18:01:27.335,1.08174,1.08178
BTCUSD,2016-01-04 18:01:27.379,1.08174,1.0817700000000001
BTCUSD,2016-01-04 18:01:27.401,1.08174,1.08178
BTCUSD,2016-01-04 18:01:27.448,1.08174,1.08181
BTCUSD,2016-01-04 18:01:27.496,1.08174,1.0818
BTCUSD,2016-01-04 18:01:29.163,1.0817299999999999,1.0818
BTCUSD,2016-01-04 18:01:29.186,1.08172,1.0817700000000001
BTCUSD,2016-01-04 18:01:29.200,1.0817,1.0817700000000001
BTCUSD,2016-01-04 18:01:29.212,1.0817,1.08175
BTCUSD,2016-01-04 18:01:29.331,1.08172,1.08175
BTCUSD,2016-01-04 18:01:29.353,1.0817,1.08175
BTCUSD,2016-01-04 18:01:29.373,1.08169,1.08175
BTCUSD,2016-01-04 18:01:29.384,1.0817,1.08175
BTCUSD,2016-01-04 18:01:29.556,1.0817,1.08174
BTCUSD,2016-01-04 18:01:29.816,1.08169,1.08174
BTCUSD,2016-01-04 18:01:29.828,1.0817,1.08174
BTCUSD,2016-01-04 18:01:30.480,1.08169,1.08171
BTCUSD,2016-01-04 18:01:30.631,1.0817,1.08171
BTCUSD,2016-01-04 18:01:30.641,1.0817,1.0817299999999999
BTCUSD,2016-01-04 18:01:30.707,1.0817,1.08174
BTCUSD,2016-01-04 18:01:30.848,1.0817,1.0817299999999999
BTCUSD,2016-01-04 18:01:32.048,1.0817,1.08174
BTCUSD,2016-01-04 18:01:35.132,1.08169,1.08174
BTCUSD,2016-01-04 18:01:35.288,1.08169,1.0817299999999999
BTCUSD,2016-01-04 18:01:35.355,1.0816700000000001,1.08174
BTCUSD,2016-01-04 18:01:35.391,1.08169,1.08174
BTCUSD,2016-01-04 18:01:35.504,1.08169,1.08171
BTCUSD,2016-01-04 18:01:35.830,1.0816700000000001,1.08171
BTCUSD,2016-01-04 18:01:36.302,1.08166,1.08171
BTCUSD,2016-01-04 18:01:37.114,1.08169,1.08171
BTCUSD,2016-01-04 18:01:37.124,1.08169,1.08174
BTCUSD,2016-01-04 18:01:37.143,1.0817,1.08174
BTCUSD,2016-01-04 18:01:37.268,1.0817,1.08175
BTCUSD,2016-01-04 18:01:37.385,1.0817,1.08174
BTCUSD,2016-01-04 18:01:46.025,1.08172,1.08174
BTCUSD,2016-01-04 18:01:46.047,1.08172,1.08175
BTCUSD,2016-01-04 18:01:46.084,1.08174,1.08175
BTCUSD,2016-01-04 18:01:46.181,1.08174,1.08181
BTCUSD,2016-01-04 18:01:46.189,1.08176,1.08181
BTCUSD,2016-01-04 18:01:46.245,1.08176,1.0818
BTCUSD,2016-01-04 18:01:46.278,1.08176,1.08178
BTCUSD,2016-01-04 18:01:46.591,1.08176,1.08181
BTCUSD,2016-01-04 18:01:46.626,1.08176,1.0818
BTCUSD,2016-01-04 18:01:48.215,1.08176,1.08181
BTCUSD,2016-01-04 18:01:48.777,1.08176,1.0818
BTCUSD,2016-01-04 18:01:50.232,1.08176,1.08181
BTCUSD,2016-01-04 18:01:52.678,1.08176,1.0818
BTCUSD,2016-01-04 18:01:54.728,1.08174,1.0818
BTCUSD,2016-01-04 18:01:54.861,1.08174,1.08181
BTCUSD,2016-01-04 18:01:54.920,1.08174,1.08178
BTCUSD,2016-01-04 18:01:55.669,1.08174,1.08181
BTCUSD,2016-01-04 18:01:55.678,1.08174,1.0818
BTCUSD,2016-01-04 18:01:55.882,1.08174,1.08178
BTCUSD,2016-01-04 18:01:55.950,1.08174,1.0818
BTCUSD,2016-01-04 18:01:56.111,1.08174,1.08178
BTCUSD,2016-01-04 18:01:57.599,1.08174,1.08181
BTCUSD,2016-01-04 18:01:57.632,1.08174,1.0818
BTCUSD,2016-01-04 18:01:58.249,1.08176,1.0818
BTCUSD,2016-01-04 18:01:59.245,1.08174,1.0818
BTCUSD,2016-01-04 18:01:59.658,1.08174,1.08178
BTCUSD,2016-01-04 18:02:00.260,1.08174,1.08181
BTCUSD,2016-01-04 18:02:00.261,1.08174,1.0818
BTCUSD,2016-01-04 18:02:01.065,1.0817299999999999,1.08178
BTCUSD,2016-01-04 18:02:01.077,1.0817299999999999,1.0817700000000001
BTCUSD,2016-01-04 18:02:01.085,1.08172,1.0817700000000001
BTCUSD,2016-01-04 18:02:01.112,1.0817,1.0817700000000001
BTCUSD,2016-01-04 18:02:01.245,1.0817,1.08175
BTCUSD,2016-01-04 18:02:01.496,1.0817,1.08174
BTCUSD,2016-01-04 18:02:01.849,1.0817,1.08175
BTCUSD,2016-01-04 18:02:01.996,1.0817,1.08174
BTCUSD,2016-01-04 18:02:02.050,1.0817,1.08175
BTCUSD,2016-01-04 18:02:02.089,1.0817,1.0817700000000001
BTCUSD,2016-01-04 18:02:02.159,1.0817,1.08175
BTCUSD,2016-01-04 18:02:02.781,1.08174,1.0817700000000001
BTCUSD,2016-01-04 18:02:02.804,1.08174,1.08178
BTCUSD,2016-01-04 18:02:02.965,1.0817299999999999,1.0818
BTCUSD,2016-01-04 18:02:03.143,1.0817299999999999,1.08178
BTCUSD,2016-01-04 18:02:04.745,1.08172,1.08178
BTCUSD,2016-01-04 18:02:04.849,1.08172,1.0817700000000001
BTCUSD,2016-01-04 18:02:04.957,1.0817,1.0817700000000001
BTCUSD,2016-01-04 18:02:05.104,1.0817,1.08175
BTCUSD,2016-01-04 18:02:05.183,1.0817,1.08174
BTCUSD,2016-01-04 18:02:05.379,1.0817,1.08175
BTCUSD,2016-01-04 18:02:07.261,1.0817299999999999,1.08175
BTCUSD,2016-01-04 18:02:07.454,1.0817,1.08175
BTCUSD,2016-01-04 18:02:09.364,1.0817,1.08174
BTCUSD,2016-01-04 18:02:09.437,1.0817,1.08175
BTCUSD,2016-01-04 18:02:09.649,1.0817,1.08174
BTCUSD,2016-01-04 18:02:11.253,1.0817,1.08175
BTCUSD,2016-01-04 18:02:11.347,1.0817,1.08174
BTCUSD,2016-01-04 18:02:11.456,1.0817,1.08175
BTCUSD,2016-01-04 18:02:11.664,1.0817,1.08174
BTCUSD,2016-01-04 18:02:11.948,1.0817,1.08175
BTCUSD,2016-01-04 18:02:12.051,1.0817,1.08174
BTCUSD,2016-01-04 18:02:15.627,1.0817,1.0817700000000001
BTCUSD,2016-01-04 18:02:15.732,1.0817,1.08175
BTCUSD,2016-01-04 18:02:18.155,1.0817,1.0817700000000001
BTCUSD,2016-01-04 18:02:18.273,1.0817,1.08174
BTCUSD,2016-01-04 18:02:23.201,1.0817,1.0817700000000001
BTCUSD,2016-01-04 18:02:24.742,1.0817,1.08174
BTCUSD,2016-01-04 18:02:30.930,1.08169,1.0817299999999999
BTCUSD,2016-01-04 18:02:30.971,1.08169,1.08171
BTCUSD,2016-01-04 18:02:31.022,1.0816700000000001,1.08171
BTCUSD,2016-01-04 18:02:31.128,1.08166,1.08171
BTCUSD,2016-01-04 18:02:31.138,1.08166,1.0817
BTCUSD,2016-01-04 18:02:31.227,1.0816700000000001,1.0817
BTCUSD,2016-01-04 18:02:31.534,1.08166,1.0817
BTCUSD,2016-01-04 18:02:32.793,1.08166,1.08168
BTCUSD,2016-01-04 18:02:32.818,1.08165,1.08168
BTCUSD,2016-01-04 18:02:32.830,1.0816299999999999,1.0816700000000001
BTCUSD,2016-01-04 18:02:32.855,1.08162,1.0816700000000001
BTCUSD,2016-01-04 18:02:33.185,1.0816,1.0816700000000001
BTCUSD,2016-01-04 18:02:33.216,1.08159,1.0816700000000001
BTCUSD,2016-01-04 18:02:33.303,1.08159,1.08166
BTCUSD,2016-01-04 18:02:33.325,1.08162,1.08166
BTCUSD,2016-01-04 18:02:33.354,1.0816,1.08166
BTCUSD,2016-01-04 18:02:33.435,1.08159,1.08166
BTCUSD,2016-01-04 18:02:33.973,1.08159,1.08164
BTCUSD,2016-01-04 18:02:34.522,1.08162,1.0816700000000001
BTCUSD,2016-01-04 18:02:34.636,1.08162,1.08166
BTCUSD,2016-01-04 18:02:34.655,1.08162,1.0816700000000001
BTCUSD,2016-01-04 18:02:35.601,1.08162,1.08166
BTCUSD,2016-01-04 18:02:35.990,1.08162,1.0816700000000001
BTCUSD,2016-01-04 18:02:36.866,1.08165,1.0816700000000001
BTCUSD,2016-01-04 18:02:36.930,1.08165,1.08171
BTCUSD,2016-01-04 18:02:36.981,1.08166,1.08171
BTCUSD,2016-01-04 18:02:37.147,1.08166,1.0817299999999999
BTCUSD,2016-01-04 18:02:37.181,1.08169,1.0817299999999999
BTCUSD,2016-01-04 18:02:37.247,1.08166,1.0817299999999999
BTCUSD,2016-01-04 18:02:38.195,1.0816700000000001,1.0817299999999999
BTCUSD,2016-01-04 18:02:38.323,1.08166,1.0817299999999999
BTCUSD,2016-01-04 18:02:38.358,1.0816700000000001,1.0817299999999999
BTCUSD,2016-01-04 18:02:39.719,1.0816700000000001,1.08174
BTCUSD,2016-01-04 18:02:39.736,1.08169,1.08174
BTCUSD,2016-01-04 18:02:39.779,1.0817,1.08174
BTCUSD,2016-01-04 18:02:39.843,1.0817,1.0817700000000001
BTCUSD,2016-01-04 18:02:40.144,1.08172,1.0817700000000001
BTCUSD,2016-01-04 18:02:40.430,1.0817,1.0817700000000001
BTCUSD,2016-01-04 18:02:40.695,1.08172,1.0817700000000001
BTCUSD,2016-01-04 18:02:40.755,1.0817,1.0817700000000001
BTCUSD,2016-01-04 18:02:42.655,1.08172,1.0817700000000001
BTCUSD,2016-01-04 18:02:42.958,1.0817299999999999,1.0817700000000001
BTCUSD,2016-01-04 18:02:43.216,1.0817,1.0817700000000001
BTCUSD,2016-01-04 18:02:43.806,1.0817,1.08175
BTCUSD,2016-01-04 18:02:44.167,1.0817,1.08174
BTCUSD,2016-01-04 18:02:44.751,1.0817,1.0817700000000001
BTCUSD,2016-01-04 18:02:44.865,1.0817,1.08175
BTCUSD,2016-01-04 18:02:45.196,1.0817,1.08174
BTCUSD,2016-01-04 18:02:45.877,1.0817,1.0817700000000001
BTCUSD,2016-01-04 18:02:45.994,1.0817,1.08175
BTCUSD,2016-01-04 18:02:46.443,1.0817,1.08174
BTCUSD,2016-01-04 18:02:47.322,1.0817,1.08175
BTCUSD,2016-01-04 18:02:47.433,1.0817,1.08174
BTCUSD,2016-01-04 18:02:53.526,1.08169,1.08174
BTCUSD,2016-01-04 18:02:55.962,1.08169,1.08171
BTCUSD,2016-01-04 18:02:56.016,1.0816700000000001,1.08171
BTCUSD,2016-01-04 18:02:56.027,1.08166,1.08168
BTCUSD,2016-01-04 18:02:56.043,1.0816299999999999,1.0816700000000001
BTCUSD,2016-01-04 18:02:56.082,1.0816299999999999,1.08164
BTCUSD,2016-01-04 18:02:56.161,1.08159,1.08164
BTCUSD,2016-01-04 18:02:56.172,1.0816,1.08164
BTCUSD,2016-01-04 18:02:56.251,1.0816,1.08161
BTCUSD,2016-01-04 18:02:56.324,1.08159,1.08161
BTCUSD,2016-01-04 18:02:56.330,1.08159,1.0816
BTCUSD,2016-01-04 18:02:56.818,1.0815700000000001,1.0816
BTCUSD,2016-01-04 18:02:56.914,1.08156,1.0816
BTCUSD,2016-01-04 18:03:01.892,1.08156,1.08161
BTCUSD,2016-01-04 18:03:02.100,1.0815700000000001,1.08161
BTCUSD,2016-01-04 18:03:02.497,1.08156,1.08161
BTCUSD,2016-01-04 18:03:03.156,1.08156,1.0816299999999999
BTCUSD,2016-01-04 18:03:08.727,1.0815700000000001,1.0816299999999999
BTCUSD,2016-01-04 18:03:09.927,1.08156,1.0816299999999999
BTCUSD,2016-01-04 18:03:10.023,1.08156,1.08161
BTCUSD,2016-01-04 18:03:12.425,1.08156,1.0816
BTCUSD,2016-01-04 18:03:12.626,1.08155,1.0816
BTCUSD,2016-01-04 18:03:13.024,1.08155,1.08158
BTCUSD,2016-01-04 18:03:13.043,1.0815299999999999,1.08158
BTCUSD,2016-01-04 18:03:13.146,1.08152,1.0815700000000001
BTCUSD,2016-01-04 18:03:13.244,1.0815,1.0815700000000001
BTCUSD,2016-01-04 18:03:13.381,1.0815,1.08154
BTCUSD,2016-01-04 18:03:13.975,1.08149,1.08154
BTCUSD,2016-01-04 18:03:16.219,1.0815,1.08156
BTCUSD,2016-01-04 18:03:16.909,1.08152,1.08154
BTCUSD,2016-01-04 18:03:16.919,1.0815,1.08154
BTCUSD,2016-01-04 18:03:17.038,1.0815,1.08156
BTCUSD,2016-01-04 18:03:18.637,1.08152,1.08156
BTCUSD,2016-01-04 18:03:18.725,1.0815,1.08156
BTCUSD,2016-01-04 18:03:18.737,1.0815,1.0815299999999999
BTCUSD,2016-01-04 18:03:18.872,1.08149,1.0815299999999999
BTCUSD,2016-01-04 18:03:19.128,1.0815,1.0815299999999999
BTCUSD,2016-01-04 18:03:19.147,1.0815,1.08156
BTCUSD,2016-01-04 18:03:19.222,1.08152,1.08156
BTCUSD,2016-01-04 18:03:19.234,1.08152,1.0815700000000001
BTCUSD,2016-01-04 18:03:19.373,1.08152,1.08154
BTCUSD,2016-01-04 18:03:20.613,1.08149,1.08154
BTCUSD,2016-01-04 18:03:20.649,1.08149,1.08156
BTCUSD,2016-01-04 18:03:20.728,1.08149,1.0815299999999999
BTCUSD,2016-01-04 18:03:20.777,1.08149,1.08151
BTCUSD,2016-01-04 18:03:20.847,1.08149,1.0815299999999999
BTCUSD,2016-01-04 18:03:21.956,1.0815,1.0815299999999999
BTCUSD,2016-01-04 18:03:22.427,1.08149,1.08154
BTCUSD,2016-01-04 18:03:22.519,1.08146,1.08151
BTCUSD,2016-01-04 18:03:22.528,1.08146,1.0815
BTCUSD,2016-01-04 18:03:24.519,1.08149,1.0815299999999999
BTCUSD,2016-01-04 18:03:24.642,1.0815,1.0815299999999999
BTCUSD,2016-01-04 18:03:24.741,1.08152,1.0815299999999999
BTCUSD,2016-01-04 18:03:24.847,1.0815,1.0815299999999999
BTCUSD,2016-01-04 18:03:26.538,1.08149,1.0815299999999999
BTCUSD,2016-01-04 18:03:27.253,1.0815,1.0815299999999999
BTCUSD,2016-01-04 18:03:27.926,1.08152,1.08154
BTCUSD,2016-01-04 18:03:27.954,1.08152,1.08156
BTCUSD,2016-01-04 18:03:28.022,1.08149,1.08156
BTCUSD,2016-01-04 18:03:28.181,1.08149,1.08154
BTCUSD,2016-01-04 18:03:29.816,1.0815,1.0815700000000001
BTCUSD,2016-01-04 18:03:29.841,1.08152,1.0815700000000001
BTCUSD,2016-01-04 18:03:29.937,1.08152,1.08156
BTCUSD,2016-01-04 18:03:31.111,1.08152,1.0815700000000001
BTCUSD,2016-01-04 18:03:31.213,1.08152,1.08156
BTCUSD,2016-01-04 18:03:31.239,1.08152,1.08154
BTCUSD,2016-01-04 18:03:32.249,1.0815,1.08156
BTCUSD,2016-01-04 18:03:32.397,1.0815,1.08154
BTCUSD,2016-01-04 18:03:32.441,1.0815,1.08156
BTCUSD,2016-01-04 18:03:32.581,1.0815,1.08154
BTCUSD,2016-01-04 18:03:33.399,1.0815,1.08156
BTCUSD,2016-01-04 18:03:33.529,1.0815,1.08154
BTCUSD,2016-01-04 18:03:33.608,1.0815,1.08156
BTCUSD,2016-01-04 18:03:34.833,1.08149,1.08156
BTCUSD,2016-01-04 18:03:34.849,1.08149,1.08154
BTCUSD,2016-01-04 18:03:36.905,1.0815,1.08154
BTCUSD,2016-01-04 18:03:38.322,1.08152,1.08156
BTCUSD,2016-01-04 18:03:38.335,1.0815299999999999,1.0815700000000001
BTCUSD,2016-01-04 18:03:38.358,1.08155,1.08158
BTCUSD,2016-01-04 18:03:38.385,1.08155,1.0816
BTCUSD,2016-01-04 18:03:38.465,1.08156,1.0816
BTCUSD,2016-01-04 18:03:38.535,1.08159,1.0816
BTCUSD,2016-01-04 18:03:38.559,1.08159,1.08161
BTCUSD,2016-01-04 18:03:38.619,1.08159,1.0816299999999999
BTCUSD,2016-01-04 18:03:38.725,1.08159,1.08164
BTCUSD,2016-01-04 18:03:39.255,1.0815700000000001,1.08164
BTCUSD,2016-01-04 18:03:39.605,1.08159,1.08164
BTCUSD,2016-01-04 18:03:40.055,1.08159,1.0816299999999999
BTCUSD,2016-01-04 18:03:40.809,1.08159,1.08164
BTCUSD,2016-01-04 18:03:41.182,1.08159,1.0816299999999999
BTCUSD,2016-01-04 18:03:41.341,1.08159,1.08164
BTCUSD,2016-01-04 18:03:42.023,1.0815700000000001,1.08164
BTCUSD,2016-01-04 18:03:42.183,1.0815700000000001,1.0816299999999999
BTCUSD,2016-01-04 18:03:42.337,1.0815700000000001,1.08164
BTCUSD,2016-01-04 18:03:42.832,1.0815700000000001,1.0816299999999999
BTCUSD,2016-01-04 18:03:42.927,1.0815700000000001,1.08164
BTCUSD,2016-01-04 18:03:45.157,1.0815700000000001,1.0816299999999999
BTCUSD,2016-01-04 18:03:45.356,1.0815700000000001,1.08164
BTCUSD,2016-01-04 18:03:45.427,1.08159,1.08164
BTCUSD,2016-01-04 18:03:45.678,1.08159,1.0816299999999999
BTCUSD,2016-01-04 18:03:45.801,1.08159,1.08164
BTCUSD,2016-01-04 18:03:49.243,1.0815700000000001,1.08164
BTCUSD,2016-01-04 18:03:54.519,1.0815700000000001,1.0816299999999999
BTCUSD,2016-01-04 18:03:57.021,1.08159,1.0816299999999999
BTCUSD,2016-01-04 18:03:59.620,1.0815700000000001,1.0816299999999999
BTCUSD,2016-01-04 18:03:59.726,1.08159,1.0816299999999999
BTCUSD,2016-01-04 18:04:00.023,1.08159,1.08164
BTCUSD,2016-01-04 18:04:03.019,1.0815700000000001,1.08164
BTCUSD,2016-01-04 18:04:03.115,1.0815700000000001,1.0816299999999999
BTCUSD,2016-01-04 18:04:03.246,1.08156,1.0816299999999999
BTCUSD,2016-01-04 18:04:03.275,1.08156,1.0816
BTCUSD,2016-01-04 18:04:03.348,1.08156,1.0816299999999999
BTCUSD,2016-01-04 18:04:03.402,1.08156,1.08161
BTCUSD,2016-01-04 18:04:03.712,1.08156,1.0816299999999999
BTCUSD,2016-01-04 18:04:03.876,1.08156,1.08161
BTCUSD,2016-01-04 18:04:04.453,1.08156,1.0816299999999999
BTCUSD,2016-01-04 18:04:04.477,1.0815700000000001,1.0816299999999999
BTCUSD,2016-01-04 18:04:05.935,1.08159,1.0816299999999999
BTCUSD,2016-01-04 18:04:07.518,1.0815700000000001,1.0816299999999999
BTCUSD,2016-01-04 18:04:07.650,1.0815700000000001,1.08164
BTCUSD,2016-01-04 18:04:07.752,1.0815700000000001,1.0816299999999999
BTCUSD,2016-01-04 18:04:07.805,1.0815700000000001,1.08161
BTCUSD,2016-01-04 18:04:08.053,1.0815700000000001,1.0816299999999999
BTCUSD,2016-01-04 18:04:08.257,1.0815700000000001,1.08161
BTCUSD,2016-01-04 18:04:08.576,1.08156,1.08161
BTCUSD,2016-01-04 18:04:08.851,1.08156,1.0816299999999999
BTCUSD,2016-01-04 18:04:08.987,1.08156,1.08161
BTCUSD,2016-01-04 18:04:09.357,1.08156,1.0816299999999999
BTCUSD,2016-01-04 18:04:09.422,1.0815700000000001,1.0816299999999999
BTCUSD,2016-01-04 18:04:09.544,1.0815700000000001,1.08161
BTCUSD,2016-01-04 18:04:09.602,1.0815700000000001,1.0816299999999999
BTCUSD,2016-01-04 18:04:09.729,1.0815700000000001,1.08161
BTCUSD,2016-01-04 18:04:09.854,1.0815700000000001,1.0816299999999999
BTCUSD,2016-01-04 18:04:09.924,1.08159,1.0816299999999999
BTCUSD,2016-01-04 18:04:13.265,1.0815700000000001,1.0816299999999999
BTCUSD,2016-01-04 18:04:13.306,1.08159,1.0816299999999999
BTCUSD,2016-01-04 18:04:13.476,1.0815700000000001,1.0816299999999999
BTCUSD,2016-01-04 18:04:13.942,1.08159,1.0816299999999999
BTCUSD,2016-01-04 18:04:14.159,1.0815700000000001,1.08158
BTCUSD,2016-01-04 18:04:14.178,1.08156,1.08158
BTCUSD,2016-01-04 18:04:14.187,1.08155,1.08158
BTCUSD,2016-01-04 18:04:14.219,1.08155,1.0815700000000001
BTCUSD,2016-01-04 18:04:14.535,1.0815,1.0815700000000001
BTCUSD,2016-01-04 18:04:14.553,1.0815,1.08154
BTCUSD,2016-01-04 18:04:14.681,1.0815,1.08156
BTCUSD,2016-01-04 18:04:14.819,1.0815,1.08154
BTCUSD,2016-01-04 18:04:14.957,1.0815,1.08156
BTCUSD,2016-01-04 18:04:14.991,1.0815,1.08154
BTCUSD,2016-01-04 18:04:14.997,1.0815,1.08156
BTCUSD,2016-01-04 18:04:15.126,1.0815,1.08154
BTCUSD,2016-01-04 18:04:15.442,1.0815,1.08156
BTCUSD,2016-01-04 18:04:15.496,1.0815,1.08154
BTCUSD,2016-01-04 18:04:16.134,1.0815,1.08156
BTCUSD,2016-01-04 18:04:16.336,1.0815,1.08154
BTCUSD,2016-01-04 18:04:18.109,1.08152,1.08154
BTCUSD,2016-01-04 18:04:18.253,1.0815,1.0815700000000001
BTCUSD,2016-01-04 18:04:18.641,1.0815,1.08154
BTCUSD,2016-01-04 18:04:18.680,1.0815,1.08156
BTCUSD,2016-01-04 18:04:18.812,1.0815,1.08154
BTCUSD,2016-01-04 18:04:22.712,1.08149,1.08154
BTCUSD,2016-01-04 18:04:22.732,1.0815,1.08154
BTCUSD,2016-01-04 18:04:22.758,1.0815,1.08156
BTCUSD,2016-01-04 18:04:22.944,1.0815,1.08154
BTCUSD,2016-01-04 18:04:23.295,1.0815,1.08156
BTCUSD,2016-01-04 18:04:23.419,1.0815,1.08154
BTCUSD,2016-01-04 18:04:29.632,1.08152,1.08154
BTCUSD,2016-01-04 18:04:34.605,1.0815,1.08154
BTCUSD,2016-01-04 18:04:37.710,1.0815,1.08156
BTCUSD,2016-01-04 18:04:37.886,1.0815,1.08154
BTCUSD,2016-01-04 18:04:37.898,1.0815,1.08156
BTCUSD,2016-01-04 18:04:38.081,1.0815,1.0815700000000001
BTCUSD,2016-01-04 18:04:38.190,1.0815,1.08156
BTCUSD,2016-01-04 18:04:38.262,1.0815,1.08154
BTCUSD,2016-01-04 18:04:40.150,1.08149,1.0815299999999999
BTCUSD,2016-01-04 18:04:40.231,1.0814700000000002,1.08151
BTCUSD,2016-01-04 18:04:40.417,1.08146,1.08151
BTCUSD,2016-01-04 18:04:40.425,1.08143,1.0815
BTCUSD,2016-01-04 18:04:40.441,1.08143,1.0814700000000002
BTCUSD,2016-01-04 18:04:40.469,1.08143,1.08148
BTCUSD,2016-01-04 18:04:40.509,1.08142,1.08148
BTCUSD,2016-01-04 18:04:40.524,1.08142,1.0814700000000002
BTCUSD,2016-01-04 18:04:40.718,1.0814,1.0814700000000002
BTCUSD,2016-01-04 18:04:40.743,1.0814,1.08146
BTCUSD,2016-01-04 18:04:41.188,1.08142,1.0814700000000002
BTCUSD,2016-01-04 18:04:41.297,1.0814,1.0814700000000002
BTCUSD,2016-01-04 18:04:41.358,1.0814,1.08146
BTCUSD,2016-01-04 18:04:41.444,1.0814,1.0814700000000002
BTCUSD,2016-01-04 18:04:41.522,1.08142,1.0814700000000002
BTCUSD,2016-01-04 18:04:41.612,1.08142,1.08146
BTCUSD,2016-01-04 18:04:41.625,1.0814,1.08146
BTCUSD,2016-01-04 18:04:41.690,1.0814,1.0814700000000002
BTCUSD,2016-01-04 18:04:41.829,1.0814,1.08146
BTCUSD,2016-01-04 18:04:42.253,1.0814,1.0814700000000002
BTCUSD,2016-01-04 18:04:42.263,1.08139,1.0814700000000002
BTCUSD,2016-01-04 18:04:42.295,1.0814,1.0814700000000002
BTCUSD,2016-01-04 18:04:42.376,1.0814,1.08144
BTCUSD,2016-01-04 18:04:43.835,1.0814,1.0814700000000002
BTCUSD,2016-01-04 18:04:43.990,1.0814,1.08143
BTCUSD,2016-01-04 18:04:44.483,1.0814,1.08146
BTCUSD,2016-01-04 18:04:44.540,1.0814,1.0814700000000002
BTCUSD,2016-01-04 18:04:44.673,1.0814,1.08146
BTCUSD,2016-01-04 18:04:45.506,1.0814,1.0814700000000002
BTCUSD,2016-01-04 18:04:45.651,1.0814,1.08143
BTCUSD,2016-01-04 18:04:46.856,1.0814,1.08146
BTCUSD,2016-01-04 18:04:46.857,1.0814,1.0814700000000002
BTCUSD,2016-01-04 18:04:47.045,1.0814,1.08146
BTCUSD,2016-01-04 18:04:47.191,1.0814,1.0814700000000002
BTCUSD,2016-01-04 18:04:47.314,1.0814,1.08146
BTCUSD,2016-01-04 18:04:48.947,1.08142,1.08146
BTCUSD,2016-01-04 18:04:49.569,1.0814,1.08146
BTCUSD,2016-01-04 18:04:50.648,1.0814,1.0814700000000002
BTCUSD,2016-01-04 18:04:50.794,1.0814,1.08143
BTCUSD,2016-01-04 18:04:50.943,1.0814,1.08146
BTCUSD,2016-01-04 18:04:50.952,1.0814,1.0814700000000002
BTCUSD,2016-01-04 18:04:51.025,1.08139,1.0814700000000002
BTCUSD,2016-01-04 18:04:51.049,1.0814,1.0814700000000002
BTCUSD,2016-01-04 18:04:51.200,1.0814,1.08146
BTCUSD,2016-01-04 18:04:51.280,1.0814,1.0814700000000002
BTCUSD,2016-01-04 18:04:51.462,1.0814,1.08146
BTCUSD,2016-01-04 18:04:51.603,1.0814,1.0814700000000002
BTCUSD,2016-01-04 18:04:51.853,1.0814,1.08146
BTCUSD,2016-01-04 18:04:51.953,1.0814,1.0814700000000002
BTCUSD,2016-01-04 18:04:52.231,1.08142,1.0814700000000002
BTCUSD,2016-01-04 18:04:52.246,1.08145,1.0814700000000002
BTCUSD,2016-01-04 18:04:52.289,1.08146,1.08148
BTCUSD,2016-01-04 18:04:52.315,1.08146,1.0815
BTCUSD,2016-01-04 18:04:52.362,1.08146,1.08151
BTCUSD,2016-01-04 18:04:52.400,1.08146,1.0815
BTCUSD,2016-01-04 18:04:52.423,1.0814700000000002,1.08151
BTCUSD,2016-01-04 18:04:52.445,1.0814700000000002,1.0815
BTCUSD,2016-01-04 18:04:52.860,1.0814700000000002,1.08151
BTCUSD,2016-01-04 18:04:52.882,1.08146,1.0815
BTCUSD,2016-01-04 18:04:52.934,1.08146,1.0815299999999999
BTCUSD,2016-01-04 18:04:52.946,1.0814700000000002,1.08154
BTCUSD,2016-01-04 18:04:52.971,1.0814700000000002,1.0815299999999999
BTCUSD,2016-01-04 18:04:52.987,1.0814700000000002,1.08154
BTCUSD,2016-01-04 18:04:53.324,1.08149,1.08154
BTCUSD,2016-01-04 18:04:53.757,1.0814700000000002,1.08154
BTCUSD,2016-01-04 18:04:54.038,1.08149,1.08154
BTCUSD,2016-01-04 18:04:54.136,1.08149,1.08156
BTCUSD,2016-01-04 18:04:54.210,1.08149,1.08154
BTCUSD,2016-01-04 18:04:54.397,1.08149,1.08156
BTCUSD,2016-01-04 18:04:54.550,1.08149,1.08154
BTCUSD,2016-01-04 18:04:54.574,1.08149,1.08156
BTCUSD,2016-01-04 18:04:54.931,1.08149,1.08154
BTCUSD,2016-01-04 18:04:54.988,1.08149,1.08156
BTCUSD,2016-01-04 18:04:55.780,1.08149,1.08154
BTCUSD,2016-01-04 18:04:57.922,1.0815,1.08154
BTCUSD,2016-01-04 18:04:57.945,1.0815,1.08156
BTCUSD,2016-01-04 18:05:00.002,1.0815,1.08154
BTCUSD,2016-01-04 18:05:00.125,1.0815299999999999,1.08154
BTCUSD,2016-01-04 18:05:00.159,1.0815299999999999,1.08158
BTCUSD,2016-01-04 18:05:00.171,1.0815299999999999,1.0816
BTCUSD,2016-01-04 18:05:00.228,1.08155,1.0816
BTCUSD,2016-01-04 18:05:00.239,1.08156,1.0816
BTCUSD,2016-01-04 18:05:00.323,1.0815700000000001,1.0816
BTCUSD,2016-01-04 18:05:00.336,1.0815700000000001,1.0816299999999999
BTCUSD,2016-01-04 18:05:00.356,1.0815700000000001,1.08164
BTCUSD,2016-01-04 18:05:00.440,1.08159,1.0816299999999999
BTCUSD,2016-01-04 18:05:00.449,1.08159,1.08161
BTCUSD,2016-01-04 18:05:00.852,1.08159,1.08164
BTCUSD,2016-01-04 18:05:00.862,1.08159,1.08166
BTCUSD,2016-01-04 18:05:01.738,1.08159,1.08164
BTCUSD,2016-01-04 18:05:05.817,1.08156,1.08161
BTCUSD,2016-01-04 18:05:05.848,1.08156,1.0816
BTCUSD,2016-01-04 18:05:05.867,1.08156,1.08161
BTCUSD,2016-01-04 18:05:05.922,1.08156,1.0816
BTCUSD,2016-01-04 18:05:05.947,1.08155,1.08158
BTCUSD,2016-01-04 18:05:05.963,1.0815299999999999,1.0815700000000001
BTCUSD,2016-01-04 18:05:05.998,1.0815299999999999,1.08158
BTCUSD,2016-01-04 18:05:06.012,1.0815299999999999,1.0816
BTCUSD,2016-01-04 18:05:06.053,1.0815299999999999,1.08158
BTCUSD,2016-01-04 18:05:06.130,1.0815299999999999,1.0816
BTCUSD,2016-01-04 18:05:06.210,1.0815299999999999,1.0815700000000001
BTCUSD,2016-01-04 18:05:06.239,1.08156,1.0816
BTCUSD,2016-01-04 18:05:06.252,1.08156,1.08158
BTCUSD,2016-01-04 18:05:06.322,1.08156,1.0816
BTCUSD,2016-01-04 18:05:06.765,1.08156,1.08161
BTCUSD,2016-01-04 18:05:07.302,1.08156,1.0816
BTCUSD,2016-01-04 18:05:07.416,1.08156,1.08161
BTCUSD,2016-01-04 18:05:08.535,1.08156,1.0816
BTCUSD,2016-01-04 18:05:08.594,1.08155,1.0816
BTCUSD,2016-01-04 18:05:08.624,1.0815299999999999,1.0816
BTCUSD,2016-01-04 18:05:08.656,1.08155,1.0816
BTCUSD,2016-01-04 18:05:09.078,1.0815299999999999,1.0816
BTCUSD,2016-01-04 18:05:09.102,1.08155,1.0816
BTCUSD,2016-01-04 18:05:10.538,1.08156,1.0816
BTCUSD,2016-01-04 18:05:10.652,1.08155,1.08158
BTCUSD,2016-01-04 18:05:10.675,1.08155,1.0815700000000001
BTCUSD,2016-01-04 18:05:10.690,1.0815299999999999,1.0815700000000001
BTCUSD,2016-01-04 18:05:10.962,1.0815299999999999,1.08156
BTCUSD,2016-01-04 18:05:11.724,1.0815,1.08156
BTCUSD,2016-01-04 18:05:12.423,1.0815,1.08154
BTCUSD,2016-01-04 18:05:12.449,1.08149,1.08154
BTCUSD,2016-01-04 18:05:12.480,1.08149,1.0815299999999999
BTCUSD,2016-01-04 18:05:12.523,1.0814700000000002,1.0815299999999999
BTCUSD,2016-01-04 18:05:12.621,1.08149,1.0815299999999999
BTCUSD,2016-01-04 18:05:12.633,1.0815,1.08154
BTCUSD,2016-01-04 18:05:12.728,1.08149,1.08154
BTCUSD,2016-01-04 18:05:13.669,1.08149,1.08156
BTCUSD,2016-01-04 18:05:13.768,1.08149,1.08154
BTCUSD,2016-01-04 18:05:18.457,1.08149,1.0815700000000001
BTCUSD,2016-01-04 18:05:18.566,1.08149,1.08156
BTCUSD,2016-01-04 18:05:19.701,1.0815,1.08156
BTCUSD,2016-01-04 18:05:19.792,1.0815,1.08154
BTCUSD,2016-01-04 18:05:19.909,1.0815,1.08156
BTCUSD,2016-01-04 18:05:20.036,1.0815,1.08154
BTCUSD,2016-01-04 18:05:20.056,1.08152,1.08154
BTCUSD,2016-01-04 18:05:20.073,1.08152,1.0815700000000001
BTCUSD,2016-01-04 18:05:23.730,1.0815299999999999,1.0815700000000001
BTCUSD,2016-01-04 18:05:25.238,1.08155,1.08158
BTCUSD,2016-01-04 18:05:25.256,1.08156,1.0816
BTCUSD,2016-01-04 18:05:25.332,1.08156,1.08161
BTCUSD,2016-01-04 18:05:25.342,1.08156,1.0816
BTCUSD,2016-01-04 18:05:25.526,1.0815700000000001,1.08164
BTCUSD,2016-01-04 18:05:25.628,1.0815700000000001,1.0816299999999999
BTCUSD,2016-01-04 18:05:25.643,1.08159,1.0816299999999999
BTCUSD,2016-01-04 18:05:25.655,1.08159,1.08164
BTCUSD,2016-01-04 18:05:25.729,1.08159,1.08166
BTCUSD,2016-01-04 18:05:26.880,1.0816,1.08166
BTCUSD,2016-01-04 18:05:27.005,1.08159,1.08166
BTCUSD,2016-01-04 18:05:27.163,1.08159,1.08164
BTCUSD,2016-01-04 18:05:27.674,1.08159,1.08161
BTCUSD,2016-01-04 18:05:27.701,1.08159,1.0816
BTCUSD,2016-01-04 18:05:27.721,1.0815700000000001,1.0816
BTCUSD,2016-01-04 18:05:27.752,1.0815700000000001,1.08161
BTCUSD,2016-01-04 18:05:27.823,1.08155,1.08161
BTCUSD,2016-01-04 18:05:28.331,1.08155,1.0816
BTCUSD,2016-01-04 18:05:28.346,1.08156,1.0816
BTCUSD,2016-01-04 18:05:28.477,1.08155,1.0816
BTCUSD,2016-01-04 18:05:29.802,1.08155,1.08161
BTCUSD,2016-01-04 18:05:29.842,1.08155,1.0816
BTCUSD,2016-01-04 18:05:29.852,1.0815299999999999,1.0816
BTCUSD,2016-01-04 18:05:30.254,1.08155,1.0816
BTCUSD,2016-01-04 18:05:30.813,1.08156,1.08161
BTCUSD,2016-01-04 18:05:30.848,1.0815700000000001,1.08161
BTCUSD,2016-01-04 18:05:31.024,1.0815700000000001,1.08164
BTCUSD,2016-01-04 18:05:31.322,1.08159,1.08164
BTCUSD,2016-01-04 18:05:31.346,1.08159,1.08166
BTCUSD,2016-01-04 18:05:31.454,1.08159,1.08164
BTCUSD,2016-01-04 18:05:31.533,1.08159,1.08166
BTCUSD,2016-01-04 18:05:31.655,1.08159,1.08164
BTCUSD,2016-01-04 18:05:32.215,1.0815700000000001,1.08164
BTCUSD,2016-01-04 18:05:32.328,1.08156,1.08164
BTCUSD,2016-01-04 18:05:32.329,1.08156,1.08161
BTCUSD,2016-01-04 18:05:32.342,1.08156,1.08164
BTCUSD,2016-01-04 18:05:32.556,1.08156,1.08161
BTCUSD,2016-01-04 18:05:33.326,1.08156,1.0816
BTCUSD,2016-01-04 18:05:33.332,1.08156,1.08161
BTCUSD,2016-01-04 18:05:33.561,1.08156,1.0816
BTCUSD,2016-01-04 18:05:33.646,1.08156,1.08161
BTCUSD,2016-01-04 18:05:37.336,1.0815700000000001,1.08161
BTCUSD,2016-01-04 18:05:37.428,1.0815700000000001,1.0816299999999999
BTCUSD,2016-01-04 18:05:37.522,1.08159,1.08166
BTCUSD,2016-01-04 18:05:37.652,1.08159,1.08164
BTCUSD,2016-01-04 18:05:39.212,1.08159,1.08166
BTCUSD,2016-01-04 18:05:40.665,1.0816,1.08166
BTCUSD,2016-01-04 18:05:41.019,1.08159,1.08166
BTCUSD,2016-01-04 18:05:44.821,1.08159,1.08164
BTCUSD,2016-01-04 18:05:45.906,1.08159,1.08166
BTCUSD,2016-01-04 18:05:46.017,1.08159,1.08164
BTCUSD,2016-01-04 18:05:50.585,1.0815700000000001,1.08164
BTCUSD,2016-01-04 18:05:50.616,1.0815700000000001,1.0816299999999999
BTCUSD,2016-01-04 18:05:50.625,1.0815700000000001,1.0816
BTCUSD,2016-01-04 18:05:50.644,1.08156,1.08158
BTCUSD,2016-01-04 18:05:50.707,1.08155,1.08158
BTCUSD,2016-01-04 18:05:50.707,1.0815299999999999,1.08158
BTCUSD,2016-01-04 18:05:50.732,1.0815299999999999,1.0815700000000001
BTCUSD,2016-01-04 18:05:50.796,1.08152,1.0815700000000001
BTCUSD,2016-01-04 18:05:51.242,1.08152,1.08156
BTCUSD,2016-01-04 18:05:54.577,1.08152,1.08154
BTCUSD,2016-01-04 18:05:54.594,1.0815,1.08154
BTCUSD,2016-01-04 18:05:54.635,1.08149,1.08156
BTCUSD,2016-01-04 18:05:54.792,1.08149,1.08154
BTCUSD,2016-01-04 18:05:56.819,1.0815,1.08154
BTCUSD,2016-01-04 18:05:57.399,1.0815,1.08156
BTCUSD,2016-01-04 18:05:57.445,1.08152,1.08156
BTCUSD,2016-01-04 18:05:57.866,1.08152,1.08154
BTCUSD,2016-01-04 18:05:57.942,1.08152,1.0815700000000001
BTCUSD,2016-01-04 18:05:57.949,1.0815299999999999,1.08158
BTCUSD,2016-01-04 18:05:58.035,1.08155,1.08158
BTCUSD,2016-01-04 18:05:58.056,1.08155,1.0816
BTCUSD,2016-01-04 18:05:58.086,1.0815299999999999,1.08161
BTCUSD,2016-01-04 18:05:58.148,1.0815299999999999,1.0816
BTCUSD,2016-01-04 18:05:58.172,1.08155,1.0816
BTCUSD,2016-01-04 18:06:01.087,1.08156,1.0816
BTCUSD,2016-01-04 18:06:01.118,1.08156,1.08161
BTCUSD,2016-01-04 18:06:01.350,1.08156,1.0816
BTCUSD,2016-01-04 18:06:01.453,1.08156,1.08161
BTCUSD,2016-01-04 18:06:03.632,1.0815700000000001,1.08161
BTCUSD,2016-01-04 18:06:03.725,1.08159,1.08164
BTCUSD,2016-01-04 18:06:03.745,1.08159,1.0816299999999999
BTCUSD,2016-01-04 18:06:03.935,1.08159,1.08166
BTCUSD,2016-01-04 18:06:03.940,1.0816,1.08166
BTCUSD,2016-01-04 18:06:03.949,1.0816,1.08164
BTCUSD,2016-01-04 18:06:09.414,1.0816,1.08166
BTCUSD,2016-01-04 18:06:09.926,1.0816,1.08164
BTCUSD,2016-01-04 18:06:09.951,1.0816,1.0816299999999999
BTCUSD,2016-01-04 18:06:10.020,1.08159,1.0816299999999999
BTCUSD,2016-01-04 18:06:10.128,1.0815700000000001,1.08161
BTCUSD,2016-01-04 18:06:10.418,1.0815700000000001,1.0816299999999999
BTCUSD,2016-01-04 18:06:10.521,1.08159,1.0816299999999999
BTCUSD,2016-01-04 18:06:11.422,1.0815700000000001,1.0816299999999999
BTCUSD,2016-01-04 18:06:11.552,1.0815700000000001,1.08164
BTCUSD,2016-01-04 18:06:11.664,1.0815700000000001,1.0816299999999999
BTCUSD,2016-01-04 18:06:14.529,1.0815700000000001,1.08164
BTCUSD,2016-01-04 18:06:14.596,1.08159,1.08164
BTCUSD,2016-01-04 18:06:15.530,1.0816,1.08164
BTCUSD,2016-01-04 18:06:15.783,1.0816,1.08166
BTCUSD,2016-01-04 18:06:17.535,1.0816,1.08164
BTCUSD,2016-01-04 18:06:17.606,1.0816,1.08166
BTCUSD,2016-01-04 18:06:18.343,1.0816,1.08164
BTCUSD,2016-01-04 18:06:38.125,1.08159,1.08164
BTCUSD,2016-01-04 18:06:38.153,1.08159,1.08166
BTCUSD,2016-01-04 18:06:38.220,1.08162,1.08166
BTCUSD,2016-01-04 18:06:38.396,1.08162,1.08164
BTCUSD,2016-01-04 18:06:38.830,1.08162,1.08166
BTCUSD,2016-01-04 18:06:39.232,1.08162,1.08164
BTCUSD,2016-01-04 18:06:39.333,1.08162,1.08166
BTCUSD,2016-01-04 18:06:40.564,1.08162,1.08164
BTCUSD,2016-01-04 18:06:40.695,1.08162,1.08166
BTCUSD,2016-01-04 18:06:41.328,1.08162,1.08164
BTCUSD,2016-01-04 18:06:41.438,1.08162,1.08166
BTCUSD,2016-01-04 18:06:42.637,1.08162,1.08164
BTCUSD,2016-01-04 18:06:43.348,1.08162,1.08166
BTCUSD,2016-01-04 18:06:43.755,1.08162,1.08164
BTCUSD,2016-01-04 18:06:47.301,1.08162,1.08166
BTCUSD,2016-01-04 18:06:48.365,1.0816,1.0816700000000001
BTCUSD,2016-01-04 18:06:48.413,1.08162,1.0816700000000001
BTCUSD,2016-01-04 18:06:48.476,1.0816299999999999,1.0816700000000001
BTCUSD,2016-01-04 18:06:48.575,1.08162,1.0816700000000001
BTCUSD,2016-01-04 18:06:50.944,1.0816,1.0816700000000001
BTCUSD,2016-01-04 18:06:52.328,1.0816299999999999,1.0816700000000001
BTCUSD,2016-01-04 18:06:52.464,1.0816,1.0816700000000001
BTCUSD,2016-01-04 18:06:56.366,1.0816299999999999,1.0816700000000001
BTCUSD,2016-01-04 18:06:56.380,1.08165,1.0816700000000001
BTCUSD,2016-01-04 18:06:56.392,1.08165,1.08168
BTCUSD,2016-01-04 18:06:56.419,1.08165,1.08171
BTCUSD,2016-01-04 18:06:56.436,1.0816299999999999,1.0817
BTCUSD,2016-01-04 18:06:56.443,1.08166,1.0817
BTCUSD,2016-01-04 18:06:56.520,1.08166,1.08168
BTCUSD,2016-01-04 18:06:56.544,1.0816299999999999,1.08168
BTCUSD,2016-01-04 18:06:57.161,1.0816299999999999,1.0816700000000001
BTCUSD,2016-01-04 18:06:57.340,1.0816,1.0816700000000001
BTCUSD,2016-01-04 18:06:57.348,1.0816,1.08164
BTCUSD,2016-01-04 18:06:57.677,1.08159,1.08164
BTCUSD,2016-01-04 18:07:01.887,1.08159,1.08166
BTCUSD,2016-01-04 18:07:01.926,1.08159,1.08164
BTCUSD,2016-01-04 18:07:01.950,1.0815700000000001,1.08164
BTCUSD,2016-01-04 18:07:02.578,1.08156,1.08164
BTCUSD,2016-01-04 18:07:04.703,1.0815700000000001,1.08164
BTCUSD,2016-01-04 18:07:05.922,1.08159,1.08164
BTCUSD,2016-01-04 18:07:06.060,1.0815700000000001,1.08164
BTCUSD,2016-01-04 18:07:06.210,1.08159,1.08164
BTCUSD,2016-01-04 18:07:07.514,1.0815700000000001,1.08164
BTCUSD,2016-01-04 18:07:07.621,1.08156,1.0816299999999999
BTCUSD,2016-01-04 18:07:07.636,1.08156,1.08161
BTCUSD,2016-01-04 18:07:07.658,1.08155,1.0816
BTCUSD,2016-01-04 18:07:07.704,1.08155,1.0815700000000001
BTCUSD,2016-01-04 18:07:07.732,1.0815299999999999,1.0815700000000001
BTCUSD,2016-01-04 18:07:07.779,1.08152,1.0815700000000001
BTCUSD,2016-01-04 18:07:09.027,1.0815299999999999,1.08158
BTCUSD,2016-01-04 18:07:09.047,1.08155,1.0816
BTCUSD,2016-01-04 18:07:09.081,1.0815299999999999,1.0816
BTCUSD,2016-01-04 18:07:09.092,1.08155,1.0816
BTCUSD,2016-01-04 18:07:09.125,1.08156,1.0816
BTCUSD,2016-01-04 18:07:09.234,1.08155,1.0816
BTCUSD,2016-01-04 18:07:09.299,1.0815299999999999,1.0816
BTCUSD,2016-01-04 18:07:09.336,1.0815299999999999,1.08158
BTCUSD,2016-01-04 18:07:09.345,1.08152,1.0815700000000001
BTCUSD,2016-01-04 18:07:13.513,1.08152,1.08154
BTCUSD,2016-01-04 18:07:13.537,1.08149,1.0815299999999999
BTCUSD,2016-01-04 18:07:13.545,1.08149,1.08151
BTCUSD,2016-01-04 18:07:13.573,1.0814700000000002,1.08151
BTCUSD,2016-01-04 18:07:13.621,1.0814700000000002,1.0815299999999999
BTCUSD,2016-01-04 18:07:13.645,1.0814700000000002,1.08154
BTCUSD,2016-01-04 18:07:13.658,1.08146,1.08154
BTCUSD,2016-01-04 18:07:13.696,1.0814700000000002,1.08154
BTCUSD,2016-01-04 18:07:14.040,1.08149,1.08154
BTCUSD,2016-01-04 18:07:14.428,1.08149,1.0815299999999999
BTCUSD,2016-01-04 18:07:14.441,1.08149,1.08154
BTCUSD,2016-01-04 18:07:16.195,1.0815,1.08154
BTCUSD,2016-01-04 18:07:16.260,1.0815,1.0815700000000001
BTCUSD,2016-01-04 18:07:16.318,1.08152,1.0815700000000001
BTCUSD,2016-01-04 18:07:16.365,1.08152,1.08156
BTCUSD,2016-01-04 18:07:17.120,1.0815,1.08156
BTCUSD,2016-01-04 18:07:21.427,1.0815,1.08154
BTCUSD,2016-01-04 18:07:21.611,1.0815,1.0815700000000001
BTCUSD,2016-01-04 18:07:21.710,1.0815,1.08156
BTCUSD,2016-01-04 18:07:33.784,1.0815,1.08154
BTCUSD,2016-01-04 18:07:34.192,1.0815,1.0815700000000001
BTCUSD,2016-01-04 18:07:34.308,1.0815,1.08156
BTCUSD,2016-01-04 18:07:34.360,1.0815,1.0815700000000001
BTCUSD,2016-01-04 18:07:35.101,1.0815,1.08156
BTCUSD,2016-01-04 18:07:35.255,1.0815,1.08154
BTCUSD,2016-01-04 18:07:35.440,1.0815,1.0815700000000001
BTCUSD,2016-01-04 18:07:35.552,1.0815,1.08156
BTCUSD,2016-01-04 18:07:36.111,1.0815,1.08154
BTCUSD,2016-01-04 18:07:36.311,1.0815,1.0815700000000001
BTCUSD,2016-01-04 18:07:36.416,1.0815,1.08156
BTCUSD,2016-01-04 18:07:39.731,1.0815,1.08154
BTCUSD,2016-01-04 18:07:40.003,1.0815,1.0815700000000001
BTCUSD,2016-01-04 18:07:40.110,1.0815,1.08156
BTCUSD,2016-01-04 18:07:41.252,1.08152,1.08156
BTCUSD,2016-01-04 18:07:41.771,1.08152,1.0815700000000001
BTCUSD,2016-01-04 18:07:42.299,1.0815,1.0815700000000001
BTCUSD,2016-01-04 18:07:42.430,1.0815,1.08156
BTCUSD,2016-01-04 18:07:45.964,1.0815,1.0815700000000001
BTCUSD,2016-01-04 18:07:47.243,1.0815,1.08156
BTCUSD,2016-01-04 18:07:50.523,1.0815,1.08154
BTCUSD,2016-01-04 18:07:50.730,1.0815,1.08156
BTCUSD,2016-01-04 18:07:52.450,1.0815,1.0815700000000001
BTCUSD,2016-01-04 18:07:52.461,1.08152,1.0815700000000001
BTCUSD,2016-01-04 18:07:52.557,1.08152,1.08156
BTCUSD,2016-01-04 18:07:53.368,1.0815,1.08156
BTCUSD,2016-01-04 18:07:53.543,1.0815,1.08154
BTCUSD,2016-01-04 18:07:56.721,1.0815,1.08156
BTCUSD,2016-01-04 18:07:56.867,1.0815,1.08154
BTCUSD,2016-01-04 18:07:57.012,1.0815,1.08156
BTCUSD,2016-01-04 18:07:57.142,1.0815,1.08154
BTCUSD,2016-01-04 18:07:57.720,1.08149,1.08154
BTCUSD,2016-01-04 18:07:59.341,1.0815,1.08154
BTCUSD,2016-01-04 18:07:59.400,1.0815,1.08156
BTCUSD,2016-01-04 18:07:59.563,1.0815,1.08154
BTCUSD,2016-01-04 18:08:00.090,1.08149,1.08156
BTCUSD,2016-01-04 18:08:00.227,1.08149,1.08154
BTCUSD,2016-01-04 18:08:00.404,1.08149,1.0815299999999999
BTCUSD,2016-01-04 18:08:00.465,1.0814700000000002,1.08148
BTCUSD,2016-01-04 18:08:00.509,1.08145,1.08148
BTCUSD,2016-01-04 18:08:00.545,1.08143,1.0814700000000002
BTCUSD,2016-01-04 18:08:00.620,1.08142,1.0814700000000002
BTCUSD,2016-01-04 18:08:00.917,1.0814,1.0814700000000002
BTCUSD,2016-01-04 18:08:01.018,1.08142,1.0814700000000002
BTCUSD,2016-01-04 18:08:03.621,1.0814,1.0814700000000002
BTCUSD,2016-01-04 18:08:03.965,1.08142,1.0814700000000002
BTCUSD,2016-01-04 18:08:07.865,1.08143,1.08148
BTCUSD,2016-01-04 18:08:07.929,1.08146,1.08148
BTCUSD,2016-01-04 18:08:10.987,1.08146,1.0814700000000002
BTCUSD,2016-01-04 18:08:11.107,1.08146,1.08148
BTCUSD,2016-01-04 18:08:11.240,1.08146,1.0814700000000002
BTCUSD,2016-01-04 18:08:11.590,1.08143,1.0814700000000002
BTCUSD,2016-01-04 18:08:12.727,1.08142,1.0814700000000002
BTCUSD,2016-01-04 18:08:12.757,1.0814,1.08146
BTCUSD,2016-01-04 18:08:12.779,1.08142,1.08146
BTCUSD,2016-01-04 18:08:12.891,1.0814,1.08146
BTCUSD,2016-01-04 18:08:12.953,1.0814,1.08144
BTCUSD,2016-01-04 18:08:13.004,1.0814,1.08146
BTCUSD,2016-01-04 18:08:13.145,1.0814,1.08144
BTCUSD,2016-01-04 18:08:14.573,1.08142,1.08144
BTCUSD,2016-01-04 18:08:14.599,1.08139,1.08144
BTCUSD,2016-01-04 18:08:14.897,1.0814,1.08144
BTCUSD,2016-01-04 18:08:15.481,1.0814,1.08146
BTCUSD,2016-01-04 18:08:15.827,1.0814,1.08144
BTCUSD,2016-01-04 18:08:17.696,1.0814,1.0814700000000002
BTCUSD,2016-01-04 18:08:17.803,1.0814,1.08146
BTCUSD,2016-01-04 18:08:18.053,1.0814,1.0814700000000002
BTCUSD,2016-01-04 18:08:18.731,1.08139,1.08144
BTCUSD,2016-01-04 18:08:20.066,1.0814,1.08144
BTCUSD,2016-01-04 18:08:21.588,1.0814,1.08146
BTCUSD,2016-01-04 18:08:23.785,1.0814,1.08144
BTCUSD,2016-01-04 18:08:24.096,1.08139,1.08144
BTCUSD,2016-01-04 18:08:24.240,1.08139,1.08146
BTCUSD,2016-01-04 18:08:24.351,1.08139,1.08144
BTCUSD,2016-01-04 18:08:25.731,1.0814,1.08144
BTCUSD,2016-01-04 18:08:25.742,1.0814,1.0814700000000002
BTCUSD,2016-01-04 18:08:25.856,1.0814,1.08146
BTCUSD,2016-01-04 18:08:25.910,1.0814,1.08144
BTCUSD,2016-01-04 18:08:26.960,1.08139,1.08144
BTCUSD,2016-01-04 18:08:28.627,1.0814,1.08144
BTCUSD,2016-01-04 18:08:30.648,1.0814,1.08146
BTCUSD,2016-01-04 18:08:38.222,1.08139,1.08146
BTCUSD,2016-01-04 18:08:38.320,1.0814,1.08146
BTCUSD,2016-01-04 18:08:38.425,1.0814,1.08144
BTCUSD,2016-01-04 18:08:38.436,1.08139,1.08144
BTCUSD,2016-01-04 18:08:40.641,1.0814,1.08146
BTCUSD,2016-01-04 18:08:40.745,1.0814,1.08144
BTCUSD,2016-01-04 18:08:40.767,1.08139,1.08143
BTCUSD,2016-01-04 18:08:41.421,1.0814,1.08143
BTCUSD,2016-01-04 18:08:41.444,1.0814,1.08146
BTCUSD,2016-01-04 18:08:41.457,1.0814,1.0814700000000002
BTCUSD,2016-01-04 18:08:41.551,1.0814,1.08146
BTCUSD,2016-01-04 18:08:47.050,1.08142,1.0814700000000002
BTCUSD,2016-01-04 18:08:47.069,1.08145,1.0814700000000002
BTCUSD,2016-01-04 18:08:47.081,1.08145,1.08148
BTCUSD,2016-01-04 18:08:47.099,1.08146,1.08148
BTCUSD,2016-01-04 18:08:47.151,1.08146,1.0815
BTCUSD,2016-01-04 18:08:47.166,1.08149,1.08151
BTCUSD,2016-01-04 18:08:47.191,1.08149,1.0815299999999999
BTCUSD,2016-01-04 18:08:47.213,1.0815,1.0815299999999999
BTCUSD,2016-01-04 18:08:47.231,1.08152,1.0815299999999999
BTCUSD,2016-01-04 18:08:47.258,1.08152,1.08156
BTCUSD,2016-01-04 18:08:47.328,1.0815,1.08156
BTCUSD,2016-01-04 18:08:48.041,1.08149,1.08156
BTCUSD,2016-01-04 18:08:48.145,1.0815,1.08156
BTCUSD,2016-01-04 18:08:48.286,1.0815,1.08154
BTCUSD,2016-01-04 18:08:48.483,1.08149,1.08154
BTCUSD,2016-01-04 18:08:49.569,1.08149,1.0815299999999999
BTCUSD,2016-01-04 18:08:49.570,1.08149,1.08154
BTCUSD,2016-01-04 18:08:51.032,1.0815,1.08154
BTCUSD,2016-01-04 18:08:51.114,1.0815,1.08156
BTCUSD,2016-01-04 18:08:51.165,1.0815,1.0815700000000001
BTCUSD,2016-01-04 18:08:51.262,1.0815,1.08156
BTCUSD,2016-01-04 18:08:51.389,1.0815,1.0815700000000001
BTCUSD,2016-01-04 18:08:51.468,1.0815,1.08154
BTCUSD,2016-01-04 18:08:51.617,1.08149,1.08154
BTCUSD,2016-01-04 18:08:53.513,1.0815299999999999,1.08158
BTCUSD,2016-01-04 18:08:53.516,1.08155,1.08158
BTCUSD,2016-01-04 18:08:53.633,1.0815299999999999,1.08158
BTCUSD,2016-01-04 18:08:53.681,1.0815299999999999,1.0815700000000001
BTCUSD,2016-01-04 18:08:53.783,1.0815299999999999,1.08158
BTCUSD,2016-01-04 18:08:54.432,1.08155,1.08158
BTCUSD,2016-01-04 18:08:55.238,1.08156,1.08158
BTCUSD,2016-01-04 18:08:58.313,1.08156,1.08161
BTCUSD,2016-01-04 18:08:58.496,1.08159,1.0816299999999999
BTCUSD,2016-01-04 18:08:58.512,1.08159,1.08164
BTCUSD,2016-01-04 18:08:58.579,1.08159,1.08166
BTCUSD,2016-01-04 18:08:58.615,1.08159,1.08164
BTCUSD,2016-01-04 18:08:58.819,1.08159,1.08166
BTCUSD,2016-01-04 18:08:58.835,1.0815700000000001,1.08166
BTCUSD,2016-01-04 18:08:58.896,1.0815700000000001,1.08164
BTCUSD,2016-01-04 18:08:58.916,1.08159,1.08164
BTCUSD,2016-01-04 18:08:59.461,1.08159,1.08166
BTCUSD,2016-01-04 18:08:59.560,1.08159,1.08164
BTCUSD,2016-01-04 18:09:08.478,1.08159,1.0816299999999999
BTCUSD,2016-01-04 18:09:08.525,1.08156,1.0816299999999999
BTCUSD,2016-01-04 18:09:08.632,1.0815700000000001,1.0816299999999999
BTCUSD,2016-01-04 18:09:08.748,1.08156,1.0816
BTCUSD,2016-01-04 18:09:08.797,1.08156,1.0816299999999999
BTCUSD,2016-01-04 18:09:08.937,1.0815700000000001,1.0816
BTCUSD,2016-01-04 18:09:08.971,1.0815700000000001,1.0816299999999999
BTCUSD,2016-01-04 18:09:09.040,1.08159,1.0816299999999999
BTCUSD,2016-01-04 18:09:09.206,1.0815700000000001,1.0816299999999999
BTCUSD,2016-01-04 18:09:09.314,1.08159,1.0816299999999999
BTCUSD,2016-01-04 18:09:09.417,1.0815700000000001,1.0816299999999999
BTCUSD,2016-01-04 18:09:09.525,1.08159,1.0816299999999999
BTCUSD,2016-01-04 18:09:09.622,1.08159,1.08164
BTCUSD,2016-01-04 18:09:13.522,1.0816,1.08164
BTCUSD,2016-01-04 18:09:13.698,1.08159,1.08164
BTCUSD,2016-01-04 18:09:13.746,1.0816,1.08164
BTCUSD,2016-01-04 18:09:13.853,1.08159,1.08164
BTCUSD,2016-01-04 18:09:16.295,1.08159,1.08166
BTCUSD,2016-01-04 18:09:16.602,1.08159,1.08164
BTCUSD,2016-01-04 18:09:21.112,1.0815700000000001,1.08164
BTCUSD,2016-01-04 18:09:21.138,1.08159,1.08164
BTCUSD,2016-01-04 18:09:21.219,1.0815700000000001,1.08164
BTCUSD,2016-01-04 18:09:21.238,1.0815700000000001,1.0816
BTCUSD,2016-01-04 18:09:21.248,1.08156,1.0816
BTCUSD,2016-01-04 18:09:21.320,1.08155,1.0816
BTCUSD,2016-01-04 18:09:21.330,1.08156,1.0816
BTCUSD,2016-01-04 18:09:21.503,1.08156,1.08158
BTCUSD,2016-01-04 18:09:21.552,1.0815299999999999,1.0815700000000001
BTCUSD,2016-01-04 18:09:21.642,1.0815299999999999,1.08158
BTCUSD,2016-01-04 18:09:21.692,1.0815299999999999,1.0815700000000001
BTCUSD,2016-01-04 18:09:21.727,1.08152,1.0815700000000001
BTCUSD,2016-01-04 18:09:21.925,1.0815,1.0815700000000001
BTCUSD,2016-01-04 18:09:22.119,1.0815,1.08156
BTCUSD,2016-01-04 18:09:22.219,1.0815,1.0815700000000001
BTCUSD,2016-01-04 18:09:22.359,1.0815,1.08156
BTCUSD,2016-01-04 18:09:22.495,1.08149,1.08156
BTCUSD,2016-01-04 18:09:22.665,1.0815,1.08156
BTCUSD,2016-01-04 18:09:23.958,1.08149,1.08156
BTCUSD,2016-01-04 18:09:24.052,1.08149,1.08154
BTCUSD,2016-01-04 18:09:26.457,1.0815,1.08154
BTCUSD,2016-01-04 18:09:26.578,1.08149,1.08154
BTCUSD,2016-01-04 18:09:26.848,1.0815,1.08154
BTCUSD,2016-01-04 18:09:26.946,1.0815299999999999,1.08154
BTCUSD,2016-01-04 18:09:27.062,1.08152,1.08154
BTCUSD,2016-01-04 18:09:27.224,1.08152,1.08156
BTCUSD,2016-01-04 18:09:27.562,1.0815299999999999,1.08156
BTCUSD,2016-01-04 18:09:27.566,1.0815299999999999,1.0815700000000001
BTCUSD,2016-01-04 18:09:29.518,1.08152,1.0815700000000001
BTCUSD,2016-01-04 18:09:34.615,1.08156,1.0815700000000001
BTCUSD,2016-01-04 18:09:34.662,1.08156,1.08158
BTCUSD,2016-01-04 18:09:34.723,1.08156,1.0816
BTCUSD,2016-01-04 18:09:34.763,1.08156,1.08161
BTCUSD,2016-01-04 18:09:34.781,1.08156,1.0816299999999999
BTCUSD,2016-01-04 18:09:34.835,1.0815700000000001,1.0816299999999999
BTCUSD,2016-01-04 18:09:34.867,1.0815700000000001,1.08164
BTCUSD,2016-01-04 18:09:35.296,1.0815700000000001,1.0816299999999999
BTCUSD,2016-01-04 18:09:37.148,1.0815700000000001,1.08161
BTCUSD,2016-01-04 18:09:37.213,1.08156,1.08161
BTCUSD,2016-01-04 18:09:37.247,1.08156,1.0816299999999999
BTCUSD,2016-01-04 18:09:37.484,1.0815700000000001,1.0816299999999999
BTCUSD,2016-01-04 18:09:37.548,1.08156,1.0816299999999999
BTCUSD,2016-01-04 18:09:37.657,1.08156,1.08161
BTCUSD,2016-01-04 18:09:40.319,1.0815700000000001,1.08161
BTCUSD,2016-01-04 18:09:40.340,1.0815700000000001,1.08164
BTCUSD,2016-01-04 18:09:40.445,1.0815700000000001,1.0816299999999999
BTCUSD,2016-01-04 18:09:40.566,1.0815700000000001,1.08164
BTCUSD,2016-01-04 18:09:40.620,1.08159,1.08164
BTCUSD,2016-01-04 18:09:40.747,1.08159,1.08166
BTCUSD,2016-01-04 18:09:40.807,1.0816,1.08166
BTCUSD,2016-01-04 18:09:40.937,1.08159,1.08166
BTCUSD,2016-01-04 18:09:40.949,1.0816,1.08166
BTCUSD,2016-01-04 18:09:41.049,1.08162,1.0816700000000001
BTCUSD,2016-01-04 18:09:41.357,1.0816,1.0816700000000001
BTCUSD,2016-01-04 18:09:41.532,1.08159,1.0816700000000001
BTCUSD,2016-01-04 18:09:41.679,1.08159,1.08164
BTCUSD,2016-01-04 18:09:43.970,1.08159,1.0816299999999999
BTCUSD,2016-01-04 18:09:44.247,1.08159,1.08164
BTCUSD,2016-01-04 18:09:44.380,1.08159,1.0816299999999999
BTCUSD,2016-01-04 18:09:46.076,1.08159,1.0816
BTCUSD,2016-01-04 18:09:46.142,1.0815299999999999,1.08154
BTCUSD,2016-01-04 18:09:46.227,1.0815299999999999,1.08158
BTCUSD,2016-01-04 18:09:46.297,1.0815299999999999,1.0815700000000001
BTCUSD,2016-01-04 18:09:46.331,1.0815299999999999,1.08158
BTCUSD,2016-01-04 18:09:47.691,1.08152,1.0815700000000001
BTCUSD,2016-01-04 18:09:47.698,1.0815,1.0815700000000001
BTCUSD,2016-01-04 18:09:47.758,1.08152,1.0815700000000001
BTCUSD,2016-01-04 18:09:47.828,1.08149,1.0815700000000001
BTCUSD,2016-01-04 18:09:48.128,1.08149,1.08156
BTCUSD,2016-01-04 18:09:48.158,1.08149,1.08154
BTCUSD,2016-01-04 18:09:48.196,1.08149,1.08156
BTCUSD,2016-01-04 18:09:48.839,1.0815,1.08156
BTCUSD,2016-01-04 18:09:49.266,1.0815,1.08154
BTCUSD,2016-01-04 18:09:49.473,1.0815,1.08156
BTCUSD,2016-01-04 18:09:50.728,1.08149,1.08156
BTCUSD,2016-01-04 18:09:51.182,1.08149,1.08154
BTCUSD,2016-01-04 18:09:51.280,1.08149,1.08156
BTCUSD,2016-01-04 18:09:52.403,1.0815,1.08156
BTCUSD,2016-01-04 18:09:52.767,1.08149,1.08156
BTCUSD,2016-01-04 18:09:52.860,1.08149,1.08154
BTCUSD,2016-01-04 18:09:53.361,1.0815299999999999,1.0815700000000001
BTCUSD,2016-01-04 18:09:53.382,1.0815299999999999,1.08158
BTCUSD,2016-01-04 18:09:53.613,1.0815299999999999,1.0815700000000001
BTCUSD,2016-01-04 18:09:56.351,1.08152,1.0815700000000001
BTCUSD,2016-01-04 18:09:56.433,1.0815,1.0815700000000001
BTCUSD,2016-01-04 18:09:56.464,1.08152,1.0815700000000001
BTCUSD,2016-01-04 18:09:56.541,1.08149,1.0815700000000001
BTCUSD,2016-01-04 18:09:56.633,1.0815,1.0815700000000001
BTCUSD,2016-01-04 18:09:56.705,1.0815,1.08156
BTCUSD,2016-01-04 18:09:56.875,1.08149,1.08156
BTCUSD,2016-01-04 18:09:57.056,1.08149,1.08154
BTCUSD,2016-01-04 18:09:59.001,1.08149,1.08156
BTCUSD,2016-01-04 18:09:59.055,1.08149,1.08154
BTCUSD,2016-01-04 18:09:59.071,1.08149,1.08156
BTCUSD,2016-01-04 18:09:59.086,1.08149,1.08154
BTCUSD,2016-01-04 18:09:59.111,1.0814700000000002,1.08154
BTCUSD,2016-01-04 18:09:59.178,1.08146,1.0814700000000002
BTCUSD,2016-01-04 18:09:59.190,1.08145,1.0814700000000002
BTCUSD,2016-01-04 18:09:59.226,1.08142,1.0814700000000002
BTCUSD,2016-01-04 18:09:59.531,1.08142,1.08146
BTCUSD,2016-01-04 18:09:59.540,1.0814,1.08146
BTCUSD,2016-01-04 18:09:59.676,1.0814,1.0814700000000002
BTCUSD,2016-01-04 18:09:59.780,1.08142,1.0814700000000002
BTCUSD,2016-01-04 18:09:59.904,1.0814,1.0814700000000002
BTCUSD,2016-01-04 18:10:00.131,1.08142,1.0814700000000002
BTCUSD,2016-01-04 18:10:00.148,1.08146,1.0814700000000002
BTCUSD,2016-01-04 18:10:00.164,1.08146,1.08148
BTCUSD,2016-01-04 18:10:03.874,1.08146,1.0815
BTCUSD,2016-01-04 18:10:06.202,1.08149,1.0815
BTCUSD,2016-01-04 18:10:06.232,1.08149,1.0815299999999999
BTCUSD,2016-01-04 18:10:06.240,1.08149,1.08154
BTCUSD,2016-01-04 18:10:06.321,1.0815,1.08154
BTCUSD,2016-01-04 18:10:06.337,1.0815,1.0815700000000001
BTCUSD,2016-01-04 18:10:06.398,1.0815,1.08156
BTCUSD,2016-01-04 18:10:07.134,1.08152,1.08156
BTCUSD,2016-01-04 18:10:07.511,1.0815,1.08156
BTCUSD,2016-01-04 18:10:08.063,1.0815,1.08154
BTCUSD,2016-01-04 18:10:08.539,1.0815,1.0815299999999999
BTCUSD,2016-01-04 18:10:19.755,1.0815,1.08156
BTCUSD,2016-01-04 18:10:19.789,1.0815,1.08154
BTCUSD,2016-01-04 18:10:19.848,1.0815,1.08156
BTCUSD,2016-01-04 18:10:20.011,1.0815,1.08154
BTCUSD,2016-01-04 18:10:20.055,1.0815,1.0815700000000001
BTCUSD,2016-01-04 18:10:20.169,1.0815,1.08156
BTCUSD,2016-01-04 18:10:20.456,1.08149,1.08154
BTCUSD,2016-01-04 18:10:22.901,1.08152,1.0815700000000001
BTCUSD,2016-01-04 18:10:22.921,1.0815299999999999,1.08158
BTCUSD,2016-01-04 18:10:22.942,1.0815299999999999,1.0815700000000001
BTCUSD,2016-01-04 18:10:22.972,1.0815299999999999,1.08156
BTCUSD,2016-01-04 18:10:23.023,1.0815,1.08156
BTCUSD,2016-01-04 18:10:23.356,1.08149,1.08156
BTCUSD,2016-01-04 18:10:23.445,1.08149,1.08154
BTCUSD,2016-01-04 18:10:23.964,1.0815,1.08154
BTCUSD,2016-01-04 18:10:30.403,1.0815299999999999,1.08154
BTCUSD,2016-01-04 18:10:30.467,1.0815299999999999,1.0815700000000001
BTCUSD,2016-01-04 18:10:30.500,1.0815299999999999,1.08158
BTCUSD,2016-01-04 18:10:30.524,1.0815299999999999,1.0816
BTCUSD,2016-01-04 18:10:30.572,1.08155,1.08158
BTCUSD,2016-01-04 18:10:30.960,1.08155,1.0816
BTCUSD,2016-01-04 18:10:31.051,1.08155,1.08158
BTCUSD,2016-01-04 18:10:31.128,1.08156,1.08158
BTCUSD,2016-01-04 18:10:31.191,1.08156,1.0816
BTCUSD,2016-01-04 18:10:31.242,1.08156,1.08161
BTCUSD,2016-01-04 18:10:31.287,1.08155,1.0816
BTCUSD,2016-01-04 18:10:31.388,1.0815299999999999,1.08158
BTCUSD,2016-01-04 18:10:31.431,1.0815299999999999,1.0815700000000001
BTCUSD,2016-01-04 18:10:32.421,1.0815,1.0815700000000001
BTCUSD,2016-01-04 18:10:32.523,1.08152,1.0815700000000001
BTCUSD,2016-01-04 18:10:35.324,1.0815,1.0815700000000001
BTCUSD,2016-01-04 18:10:35.433,1.08152,1.0815700000000001
BTCUSD,2016-01-04 18:10:35.761,1.0815,1.0815700000000001
BTCUSD,2016-01-04 18:10:35.860,1.0815,1.08156
BTCUSD,2016-01-04 18:10:35.909,1.0815,1.08154
BTCUSD,2016-01-04 18:10:36.050,1.0815,1.0815700000000001
BTCUSD,2016-01-04 18:10:36.085,1.0815,1.08154
BTCUSD,2016-01-04 18:10:36.132,1.0815,1.0815700000000001
BTCUSD,2016-01-04 18:10:36.304,1.0815,1.08154
BTCUSD,2016-01-04 18:10:36.320,1.08149,1.08154
BTCUSD,2016-01-04 18:10:36.416,1.08149,1.08156
BTCUSD,2016-01-04 18:10:36.550,1.08149,1.08154
BTCUSD,2016-01-04 18:10:36.657,1.0815,1.08154
BTCUSD,2016-01-04 18:10:41.105,1.08149,1.08154
BTCUSD,2016-01-04 18:10:41.130,1.08146,1.0815
BTCUSD,2016-01-04 18:10:41.152,1.08146,1.08148
BTCUSD,2016-01-04 18:10:41.258,1.08145,1.08148
BTCUSD,2016-01-04 18:10:41.287,1.08143,1.08148
BTCUSD,2016-01-04 18:10:41.312,1.08146,1.08148
BTCUSD,2016-01-04 18:10:41.361,1.08146,1.0815
BTCUSD,2016-01-04 18:10:41.531,1.08146,1.08148
BTCUSD,2016-01-04 18:10:41.598,1.08146,1.0815
BTCUSD,2016-01-04 18:10:43.448,1.08143,1.08148
BTCUSD,2016-01-04 18:10:43.465,1.08142,1.0814700000000002
BTCUSD,2016-01-04 18:10:43.644,1.0814,1.08146
BTCUSD,2016-01-04 18:10:43.735,1.0814,1.0814700000000002
BTCUSD,2016-01-04 18:10:43.947,1.08142,1.0814700000000002
BTCUSD,2016-01-04 18:10:44.056,1.0814,1.0814700000000002
BTCUSD,2016-01-04 18:10:44.155,1.0814,1.08146
BTCUSD,2016-01-04 18:10:44.278,1.08142,1.08146
BTCUSD,2016-01-04 18:10:44.342,1.08142,1.0814700000000002
BTCUSD,2016-01-04 18:10:44.363,1.08143,1.08148
BTCUSD,2016-01-04 18:10:44.471,1.08143,1.0815
BTCUSD,2016-01-04 18:10:44.503,1.08143,1.08148
BTCUSD,2016-01-04 18:10:44.527,1.08146,1.0815
BTCUSD,2016-01-04 18:10:45.844,1.08145,1.0815
BTCUSD,2016-01-04 18:10:45.849,1.08146,1.0815
BTCUSD,2016-01-04 18:10:45.989,1.08143,1.0815
BTCUSD,2016-01-04 18:10:46.888,1.08145,1.0815
BTCUSD,2016-01-04 18:10:47.092,1.08145,1.08148
BTCUSD,2016-01-04 18:10:47.105,1.08143,1.08148
BTCUSD,2016-01-04 18:10:47.181,1.08143,1.0815
BTCUSD,2016-01-04 18:10:47.192,1.08145,1.0815
BTCUSD,2016-01-04 18:10:47.317,1.08145,1.08148
BTCUSD,2016-01-04 18:10:47.334,1.08143,1.08148
BTCUSD,2016-01-04 18:10:47.416,1.08143,1.0815
BTCUSD,2016-01-04 18:10:47.533,1.08145,1.0815
BTCUSD,2016-01-04 18:10:47.636,1.08143,1.0815
BTCUSD,2016-01-04 18:10:47.961,1.08145,1.0815
BTCUSD,2016-01-04 18:10:48.079,1.08146,1.0815
BTCUSD,2016-01-04 18:10:48.363,1.0814700000000002,1.0815
BTCUSD,2016-01-04 18:10:49.023,1.08146,1.0815
BTCUSD,2016-01-04 18:10:49.122,1.08145,1.0815
BTCUSD,2016-01-04 18:10:49.152,1.08146,1.0815
BTCUSD,2016-01-04 18:10:49.425,1.08145,1.0815
BTCUSD,2016-01-04 18:10:49.830,1.08146,1.0815
BTCUSD,2016-01-04 18:10:50.876,1.0814700000000002,1.0815
BTCUSD,2016-01-04 18:10:53.998,1.08146,1.0815
BTCUSD,2016-01-04 18:10:54.111,1.08145,1.0815
BTCUSD,2016-01-04 18:10:54.150,1.08146,1.0815
BTCUSD,2016-01-04 18:10:54.197,1.08146,1.08148
BTCUSD,2016-01-04 18:10:54.331,1.08146,1.0815
BTCUSD,2016-01-04 18:10:54.463,1.08145,1.08148
BTCUSD,2016-01-04 18:10:54.953,1.08143,1.08148
BTCUSD,2016-01-04 18:10:56.767,1.08143,1.0814700000000002
BTCUSD,2016-01-04 18:10:57.052,1.08143,1.08148
BTCUSD,2016-01-04 18:10:59.509,1.08145,1.08148
BTCUSD,2016-01-04 18:10:59.768,1.08143,1.0814700000000002
BTCUSD,2016-01-04 18:10:59.830,1.08146,1.0814700000000002
BTCUSD,2016-01-04 18:10:59.878,1.08146,1.0815
BTCUSD,2016-01-04 18:11:00.345,1.08145,1.0815
BTCUSD,2016-01-04 18:11:00.357,1.08146,1.0815
BTCUSD,2016-01-04 18:11:02.644,1.0814700000000002,1.0815
BTCUSD,2016-01-04 18:11:05.891,1.0814700000000002,1.0815299999999999
BTCUSD,2016-01-04 18:11:05.907,1.08149,1.0815299999999999
BTCUSD,2016-01-04 18:11:05.950,1.0815,1.08154
BTCUSD,2016-01-04 18:11:06.002,1.0815,1.0815299999999999
BTCUSD,2016-01-04 18:11:06.011,1.0815,1.08154
BTCUSD,2016-01-04 18:11:06.066,1.08149,1.08154
BTCUSD,2016-01-04 18:11:06.178,1.0815,1.08154
BTCUSD,2016-01-04 18:11:09.229,1.0815,1.0815299999999999
BTCUSD,2016-01-04 18:11:10.101,1.0815,1.08154
BTCUSD,2016-01-04 18:11:12.021,1.08149,1.08154
BTCUSD,2016-01-04 18:11:12.463,1.08149,1.0815299999999999
BTCUSD,2016-01-04 18:11:12.648,1.08149,1.08154
BTCUSD,2016-01-04 18:11:15.012,1.08149,1.0815299999999999
BTCUSD,2016-01-04 18:11:15.253,1.08149,1.08154
BTCUSD,2016-01-04 18:11:15.316,1.08149,1.08151
BTCUSD,2016-01-04 18:11:15.348,1.0814700000000002,1.08151
BTCUSD,2016-01-04 18:11:15.428,1.08146,1.0815
BTCUSD,2016-01-04 18:11:15.447,1.08143,1.08148
BTCUSD,2016-01-04 18:11:15.465,1.08145,1.0814700000000002
BTCUSD,2016-01-04 18:11:15.497,1.08143,1.08148
BTCUSD,2016-01-04 18:11:15.537,1.08142,1.0814700000000002
BTCUSD,2016-01-04 18:11:15.587,1.08142,1.08146
BTCUSD,2016-01-04 18:11:15.645,1.0814,1.08146
BTCUSD,2016-01-04 18:11:15.679,1.0814,1.08144
BTCUSD,2016-01-04 18:11:15.941,1.0814,1.0814700000000002
BTCUSD,2016-01-04 18:11:16.053,1.08139,1.0814700000000002
BTCUSD,2016-01-04 18:11:16.089,1.08139,1.08144
BTCUSD,2016-01-04 18:11:16.227,1.0814,1.08144
BTCUSD,2016-01-04 18:11:19.635,1.0814,1.08143
BTCUSD,2016-01-04 18:11:21.251,1.0814,1.08144
BTCUSD,2016-01-04 18:11:21.320,1.0814,1.08141
BTCUSD,2016-01-04 18:11:21.414,1.0814,1.08144
BTCUSD,2016-01-04 18:11:21.682,1.0814,1.08143
BTCUSD,2016-01-04 18:11:22.408,1.08139,1.08143
BTCUSD,2016-01-04 18:11:23.821,1.08139,1.08141
BTCUSD,2016-01-04 18:11:23.840,1.08138,1.08141
BTCUSD,2016-01-04 18:11:24.037,1.08139,1.08141
BTCUSD,2016-01-04 18:11:24.220,1.08138,1.08141
BTCUSD,2016-01-04 18:11:24.324,1.08138,1.0814
BTCUSD,2016-01-04 18:11:24.358,1.08136,1.0814
BTCUSD,2016-01-04 18:11:24.641,1.08136,1.08139
BTCUSD,2016-01-04 18:11:25.734,1.08136,1.0814
BTCUSD,2016-01-04 18:11:25.746,1.08138,1.0814
BTCUSD,2016-01-04 18:11:25.902,1.08136,1.0814
BTCUSD,2016-01-04 18:11:26.081,1.08138,1.0814
BTCUSD,2016-01-04 18:11:26.658,1.08136,1.0814
BTCUSD,2016-01-04 18:11:27.025,1.08139,1.08143
BTCUSD,2016-01-04 18:11:27.124,1.08139,1.08141
BTCUSD,2016-01-04 18:11:27.519,1.08138,1.08141
BTCUSD,2016-01-04 18:11:27.628,1.08138,1.08143
BTCUSD,2016-01-04 18:11:27.727,1.08138,1.08141
BTCUSD,2016-01-04 18:11:27.756,1.08136,1.0814
BTCUSD,2016-01-04 18:11:28.942,1.08136,1.08139
BTCUSD,2016-01-04 18:11:28.999,1.08136,1.0814
BTCUSD,2016-01-04 18:11:29.283,1.08136,1.08139
BTCUSD,2016-01-04 18:11:29.351,1.08136,1.0814
BTCUSD,2016-01-04 18:11:29.618,1.08136,1.08139
BTCUSD,2016-01-04 18:11:29.686,1.08136,1.0814
BTCUSD,2016-01-04 18:11:29.751,1.08136,1.08141
BTCUSD,2016-01-04 18:11:29.799,1.08139,1.08141
BTCUSD,2016-01-04 18:11:29.934,1.08139,1.08143
BTCUSD,2016-01-04 18:11:29.979,1.08138,1.08143
BTCUSD,2016-01-04 18:11:30.035,1.08138,1.08141
BTCUSD,2016-01-04 18:11:30.802,1.08136,1.08141
BTCUSD,2016-01-04 18:11:31.109,1.08138,1.08141
BTCUSD,2016-01-04 18:11:31.236,1.08136,1.0814
BTCUSD,2016-01-04 18:11:31.247,1.08136,1.08141
BTCUSD,2016-01-04 18:11:31.335,1.08138,1.08141
BTCUSD,2016-01-04 18:11:31.736,1.08136,1.08141
BTCUSD,2016-01-04 18:11:33.014,1.08138,1.08141
BTCUSD,2016-01-04 18:11:33.095,1.08138,1.08143
BTCUSD,2016-01-04 18:11:33.120,1.08139,1.08143
BTCUSD,2016-01-04 18:11:33.233,1.08138,1.08143
BTCUSD,2016-01-04 18:11:33.423,1.08139,1.08143
BTCUSD,2016-01-04 18:11:34.855,1.08138,1.08143
BTCUSD,2016-01-04 18:11:34.933,1.08138,1.08141
BTCUSD,2016-01-04 18:11:36.180,1.08136,1.08141
BTCUSD,2016-01-04 18:11:36.366,1.08135,1.0813700000000002
BTCUSD,2016-01-04 18:11:36.378,1.08133,1.0813700000000002
BTCUSD,2016-01-04 18:11:36.398,1.08132,1.08136
BTCUSD,2016-01-04 18:11:36.455,1.08132,1.08134
BTCUSD,2016-01-04 18:11:36.473,1.08132,1.08133
BTCUSD,2016-01-04 18:11:36.546,1.08132,1.08134
BTCUSD,2016-01-04 18:11:36.561,1.0812899999999999,1.08134
BTCUSD,2016-01-04 18:11:36.796,1.0812899999999999,1.08133
BTCUSD,2016-01-04 18:11:37.549,1.0813,1.08133
BTCUSD,2016-01-04 18:11:37.711,1.0812899999999999,1.08133
BTCUSD,2016-01-04 18:11:39.714,1.08128,1.08133
BTCUSD,2016-01-04 18:11:39.726,1.08126,1.08131
BTCUSD,2016-01-04 18:11:39.877,1.08126,1.0813
BTCUSD,2016-01-04 18:11:39.971,1.08126,1.08131
BTCUSD,2016-01-04 18:11:40.021,1.08126,1.0813
BTCUSD,2016-01-04 18:11:40.177,1.08126,1.0812899999999999
BTCUSD,2016-01-04 18:11:40.222,1.08126,1.0813
BTCUSD,2016-01-04 18:11:40.358,1.08126,1.0812899999999999
BTCUSD,2016-01-04 18:11:40.758,1.08126,1.0813
BTCUSD,2016-01-04 18:11:41.343,1.08128,1.0813
BTCUSD,2016-01-04 18:11:41.394,1.0812899999999999,1.0813
BTCUSD,2016-01-04 18:11:41.421,1.0812899999999999,1.08133
BTCUSD,2016-01-04 18:11:41.428,1.08128,1.08133
BTCUSD,2016-01-04 18:11:41.504,1.0812899999999999,1.08133
BTCUSD,2016-01-04 18:11:41.539,1.08128,1.08133
BTCUSD,2016-01-04 18:11:41.646,1.0812899999999999,1.08133
BTCUSD,2016-01-04 18:11:41.716,1.0812899999999999,1.08134
BTCUSD,2016-01-04 18:11:42.623,1.0812899999999999,1.08133
BTCUSD,2016-01-04 18:11:42.683,1.08128,1.08133
BTCUSD,2016-01-04 18:11:42.717,1.0812899999999999,1.08134
BTCUSD,2016-01-04 18:11:42.928,1.0812899999999999,1.08133
BTCUSD,2016-01-04 18:11:43.028,1.0812899999999999,1.08134
BTCUSD,2016-01-04 18:11:43.163,1.0813,1.08134
BTCUSD,2016-01-04 18:11:43.189,1.0812899999999999,1.08134
BTCUSD,2016-01-04 18:11:43.229,1.0813,1.08134
BTCUSD,2016-01-04 18:11:43.330,1.0812899999999999,1.08134
BTCUSD,2016-01-04 18:11:43.401,1.08132,1.08134
BTCUSD,2016-01-04 18:11:43.516,1.0812899999999999,1.08134
BTCUSD,2016-01-04 18:11:46.487,1.0812899999999999,1.08136
BTCUSD,2016-01-04 18:11:46.700,1.0813,1.08136
BTCUSD,2016-01-04 18:11:46.777,1.0812899999999999,1.08136
BTCUSD,2016-01-04 18:11:46.887,1.0812899999999999,1.08134
BTCUSD,2016-01-04 18:11:48.453,1.0812899999999999,1.08136
BTCUSD,2016-01-04 18:11:48.461,1.0812899999999999,1.08134
BTCUSD,2016-01-04 18:11:49.023,1.0812899999999999,1.08133
BTCUSD,2016-01-04 18:11:51.321,1.0812899999999999,1.0813
BTCUSD,2016-01-04 18:11:51.363,1.08128,1.08133
BTCUSD,2016-01-04 18:11:51.436,1.08128,1.0813
BTCUSD,2016-01-04 18:11:51.452,1.08126,1.0813
BTCUSD,2016-01-04 18:11:51.525,1.08126,1.08131
BTCUSD,2016-01-04 18:11:54.815,1.08128,1.08131
BTCUSD,2016-01-04 18:11:54.831,1.0812899999999999,1.08131
BTCUSD,2016-01-04 18:11:59.321,1.0812899999999999,1.08133
BTCUSD,2016-01-04 18:11:59.768,1.0813,1.08133
BTCUSD,2016-01-04 18:11:59.908,1.0812899999999999,1.08133
BTCUSD,2016-01-04 18:12:00.724,1.0813,1.08133
BTCUSD,2016-01-04 18:12:00.854,1.0812899999999999,1.08133
BTCUSD,2016-01-04 18:12:02.932,1.08136,1.08139
BTCUSD,2016-01-04 18:12:02.946,1.08136,1.0814
BTCUSD,2016-01-04 18:12:02.960,1.08136,1.08139
BTCUSD,2016-01-04 18:12:02.982,1.08136,1.0814
BTCUSD,2016-01-04 18:12:03.120,1.08135,1.0814
BTCUSD,2016-01-04 18:12:03.143,1.08135,1.08139
BTCUSD,2016-01-04 18:12:03.156,1.08135,1.0813700000000002
BTCUSD,2016-01-04 18:12:03.172,1.08132,1.0813700000000002
BTCUSD,2016-01-04 18:12:03.226,1.0813,1.0813700000000002
BTCUSD,2016-01-04 18:12:03.253,1.08132,1.0813700000000002
BTCUSD,2016-01-04 18:12:03.694,1.08132,1.08136
BTCUSD,2016-01-04 18:12:03.704,1.0813,1.08133
BTCUSD,2016-01-04 18:12:03.737,1.0812899999999999,1.08133
BTCUSD,2016-01-04 18:12:04.145,1.0813,1.08133
BTCUSD,2016-01-04 18:12:04.420,1.0812899999999999,1.08133
BTCUSD,2016-01-04 18:12:04.792,1.0813,1.08133
BTCUSD,2016-01-04 18:12:05.629,1.0812899999999999,1.08133
BTCUSD,2016-01-04 18:12:06.251,1.0813,1.08133
BTCUSD,2016-01-04 18:12:06.516,1.0812899999999999,1.08133
BTCUSD,2016-01-04 18:12:07.390,1.0812899999999999,1.08134
BTCUSD,2016-01-04 18:12:09.446,1.0813,1.08134
BTCUSD,2016-01-04 18:12:09.468,1.0813,1.08136
BTCUSD,2016-01-04 18:12:09.547,1.0813,1.0813700000000002
BTCUSD,2016-01-04 18:12:09.928,1.0813,1.08134
BTCUSD,2016-01-04 18:12:10.056,1.0812899999999999,1.08134
BTCUSD,2016-01-04 18:12:10.147,1.0813,1.08134
BTCUSD,2016-01-04 18:12:10.199,1.0812899999999999,1.08134
BTCUSD,2016-01-04 18:12:11.909,1.0813,1.08134
BTCUSD,2016-01-04 18:12:11.924,1.0813,1.08136
BTCUSD,2016-01-04 18:12:11.947,1.0813,1.0813700000000002
BTCUSD,2016-01-04 18:12:12.155,1.08132,1.0813700000000002
BTCUSD,2016-01-04 18:12:13.739,1.08132,1.08136
BTCUSD,2016-01-04 18:12:13.790,1.0813,1.08136
BTCUSD,2016-01-04 18:12:13.837,1.0813,1.08134
BTCUSD,2016-01-04 18:12:13.845,1.0812899999999999,1.08134
BTCUSD,2016-01-04 18:12:13.901,1.0813,1.08134
BTCUSD,2016-01-04 18:12:13.925,1.0812899999999999,1.08134
BTCUSD,2016-01-04 18:12:15.975,1.0813,1.08134
BTCUSD,2016-01-04 18:12:16.729,1.08133,1.08134
BTCUSD,2016-01-04 18:12:16.743,1.08133,1.0813700000000002
BTCUSD,2016-01-04 18:12:16.836,1.08136,1.0813700000000002
BTCUSD,2016-01-04 18:12:16.852,1.08136,1.08139
BTCUSD,2016-01-04 18:12:16.934,1.08136,1.0814
BTCUSD,2016-01-04 18:12:17.027,1.08135,1.0814
BTCUSD,2016-01-04 18:12:17.086,1.08133,1.0814
BTCUSD,2016-01-04 18:12:17.096,1.08133,1.0813700000000002
BTCUSD,2016-01-04 18:12:17.246,1.08133,1.08139
BTCUSD,2016-01-04 18:12:17.582,1.08136,1.08139
BTCUSD,2016-01-04 18:12:17.667,1.08136,1.08141
BTCUSD,2016-01-04 18:12:18.855,1.08138,1.08141
BTCUSD,2016-01-04 18:12:19.324,1.08139,1.08141
BTCUSD,2016-01-04 18:12:19.348,1.08138,1.08141
BTCUSD,2016-01-04 18:12:19.443,1.08138,1.0814
BTCUSD,2016-01-04 18:12:19.823,1.08138,1.08141
BTCUSD,2016-01-04 18:12:20.513,1.08136,1.08141
BTCUSD,2016-01-04 18:12:20.588,1.08138,1.08141
BTCUSD,2016-01-04 18:12:20.620,1.08139,1.08141
BTCUSD,2016-01-04 18:12:20.645,1.08139,1.08143
BTCUSD,2016-01-04 18:12:20.829,1.08139,1.08141
BTCUSD,2016-01-04 18:12:21.608,1.08139,1.08143
BTCUSD,2016-01-04 18:12:34.416,1.0814,1.08143
BTCUSD,2016-01-04 18:12:34.423,1.08142,1.08143
BTCUSD,2016-01-04 18:12:34.541,1.08146,1.0814700000000002
BTCUSD,2016-01-04 18:12:34.552,1.08146,1.08148
BTCUSD,2016-01-04 18:12:34.564,1.08146,1.0815
BTCUSD,2016-01-04 18:12:34.576,1.08146,1.0814700000000002
BTCUSD,2016-01-04 18:12:34.600,1.08146,1.0815
BTCUSD,2016-01-04 18:12:34.622,1.08145,1.0815
BTCUSD,2016-01-04 18:12:34.632,1.08145,1.08148
BTCUSD,2016-01-04 18:12:34.655,1.08142,1.0814700000000002
BTCUSD,2016-01-04 18:12:34.947,1.0814,1.08144
BTCUSD,2016-01-04 18:12:35.319,1.0814,1.08143
BTCUSD,2016-01-04 18:12:35.344,1.08139,1.08143
BTCUSD,2016-01-04 18:12:35.821,1.08139,1.08144
BTCUSD,2016-01-04 18:12:40.289,1.08139,1.08146
BTCUSD,2016-01-04 18:12:40.387,1.08139,1.08144
BTCUSD,2016-01-04 18:12:40.422,1.08139,1.08143
BTCUSD,2016-01-04 18:12:40.737,1.08139,1.08144
BTCUSD,2016-01-04 18:12:42.286,1.08139,1.08146
BTCUSD,2016-01-04 18:12:42.381,1.08139,1.08144
BTCUSD,2016-01-04 18:12:42.423,1.08139,1.08143
BTCUSD,2016-01-04 18:12:42.498,1.08139,1.08146
BTCUSD,2016-01-04 18:12:42.641,1.08139,1.08144
BTCUSD,2016-01-04 18:12:44.423,1.08146,1.0814700000000002
BTCUSD,2016-01-04 18:12:44.430,1.08146,1.08148
BTCUSD,2016-01-04 18:12:44.446,1.08146,1.0815
BTCUSD,2016-01-04 18:12:44.482,1.08146,1.08151
BTCUSD,2016-01-04 18:12:44.746,1.08146,1.0815
BTCUSD,2016-01-04 18:12:44.800,1.08146,1.08151
BTCUSD,2016-01-04 18:12:45.049,1.08146,1.0815
BTCUSD,2016-01-04 18:12:45.143,1.08146,1.08151
BTCUSD,2016-01-04 18:12:47.661,1.0814700000000002,1.08151
BTCUSD,2016-01-04 18:12:47.743,1.0814700000000002,1.0815299999999999
BTCUSD,2016-01-04 18:12:47.791,1.0814700000000002,1.08151
BTCUSD,2016-01-04 18:12:47.812,1.0814700000000002,1.0815
BTCUSD,2016-01-04 18:12:47.840,1.08146,1.0815
BTCUSD,2016-01-04 18:12:47.940,1.08146,1.08148
BTCUSD,2016-01-04 18:12:48.022,1.08146,1.0815
BTCUSD,2016-01-04 18:12:48.334,1.08146,1.08148
BTCUSD,2016-01-04 18:12:49.172,1.08146,1.0815
BTCUSD,2016-01-04 18:12:50.387,1.08146,1.0814700000000002
BTCUSD,2016-01-04 18:12:50.407,1.08143,1.0814700000000002
BTCUSD,2016-01-04 18:12:50.420,1.08142,1.0814700000000002
BTCUSD,2016-01-04 18:12:50.505,1.08142,1.08146
BTCUSD,2016-01-04 18:12:50.664,1.08142,1.0814700000000002
BTCUSD,2016-01-04 18:12:50.822,1.08142,1.08144
BTCUSD,2016-01-04 18:12:50.934,1.0814,1.0814700000000002
BTCUSD,2016-01-04 18:12:51.034,1.08142,1.0814700000000002
BTCUSD,2016-01-04 18:12:51.584,1.0814,1.0814700000000002
BTCUSD,2016-01-04 18:12:51.668,1.0814,1.08146
BTCUSD,2016-01-04 18:12:52.834,1.08142,1.08146
BTCUSD,2016-01-04 18:12:52.879,1.08142,1.0814700000000002
BTCUSD,2016-01-04 18:12:56.233,1.08146,1.0814700000000002
BTCUSD,2016-01-04 18:12:56.308,1.08146,1.0815
BTCUSD,2016-01-04 18:12:56.318,1.08146,1.08151
BTCUSD,2016-01-04 18:12:56.457,1.0814700000000002,1.0815299999999999
BTCUSD,2016-01-04 18:12:56.518,1.0814700000000002,1.08151
BTCUSD,2016-01-04 18:12:56.634,1.0814700000000002,1.0815299999999999
BTCUSD,2016-01-04 18:12:56.773,1.0814700000000002,1.08151
BTCUSD,2016-01-04 18:12:57.120,1.0814700000000002,1.0815299999999999
BTCUSD,2016-01-04 18:12:57.335,1.08146,1.0815299999999999
BTCUSD,2016-01-04 18:12:57.533,1.08146,1.08151
BTCUSD,2016-01-04 18:12:57.885,1.08146,1.0815
BTCUSD,2016-01-04 18:12:58.728,1.0814700000000002,1.0815
BTCUSD,2016-01-04 18:12:58.734,1.08149,1.0815
BTCUSD,2016-01-04 18:12:58.799,1.08149,1.0815299999999999
BTCUSD,2016-01-04 18:12:58.811,1.08149,1.08154
BTCUSD,2016-01-04 18:12:58.919,1.08149,1.0815299999999999
BTCUSD,2016-01-04 18:12:59.252,1.08149,1.08154
BTCUSD,2016-01-04 18:12:59.252,1.0814700000000002,1.08154
BTCUSD,2016-01-04 18:12:59.850,1.0814700000000002,1.0815299999999999
BTCUSD,2016-01-04 18:12:59.900,1.0814700000000002,1.0815
BTCUSD,2016-01-04 18:12:59.983,1.0814700000000002,1.0815299999999999
BTCUSD,2016-01-04 18:13:00.128,1.0814700000000002,1.08151
BTCUSD,2016-01-04 18:13:00.549,1.0814700000000002,1.0815299999999999
BTCUSD,2016-01-04 18:13:00.648,1.0814700000000002,1.08154
BTCUSD,2016-01-04 18:13:02.052,1.0814700000000002,1.0815299999999999
BTCUSD,2016-01-04 18:13:05.143,1.0814700000000002,1.08154
BTCUSD,2016-01-04 18:13:05.246,1.08149,1.08154
BTCUSD,2016-01-04 18:13:05.643,1.0814700000000002,1.08154
BTCUSD,2016-01-04 18:13:05.745,1.0814700000000002,1.0815299999999999
BTCUSD,2016-01-04 18:13:06.777,1.0814700000000002,1.08154
BTCUSD,2016-01-04 18:13:06.884,1.08149,1.08154
BTCUSD,2016-01-04 18:13:07.675,1.0814700000000002,1.08154
BTCUSD,2016-01-04 18:13:07.831,1.0814700000000002,1.0815299999999999
BTCUSD,2016-01-04 18:13:08.460,1.0814700000000002,1.08154
BTCUSD,2016-01-04 18:13:08.600,1.0814700000000002,1.0815
BTCUSD,2016-01-04 18:13:08.752,1.0814700000000002,1.08154
BTCUSD,2016-01-04 18:13:08.770,1.0814700000000002,1.0815299999999999
BTCUSD,2016-01-04 18:13:08.862,1.0814700000000002,1.0815
BTCUSD,2016-01-04 18:13:10.226,1.0814700000000002,1.0815299999999999
BTCUSD,2016-01-04 18:13:10.367,1.0814700000000002,1.08151
BTCUSD,2016-01-04 18:13:11.953,1.0814700000000002,1.0815299999999999
BTCUSD,2016-01-04 18:13:12.073,1.0814700000000002,1.0815
BTCUSD,2016-01-04 18:13:12.202,1.0814700000000002,1.08151
BTCUSD,2016-01-04 18:13:12.210,1.0814700000000002,1.0815299999999999
BTCUSD,2016-01-04 18:13:12.394,1.0814700000000002,1.0815
BTCUSD,2016-01-04 18:13:12.925,1.0814700000000002,1.0815299999999999
BTCUSD,2016-01-04 18:13:13.945,1.0814700000000002,1.08151
BTCUSD,2016-01-04 18:13:13.951,1.08146,1.08151
BTCUSD,2016-01-04 18:13:14.115,1.08146,1.0815
BTCUSD,2016-01-04 18:13:15.187,1.08146,1.08148
BTCUSD,2016-01-04 18:13:15.219,1.08143,1.08148
BTCUSD,2016-01-04 18:13:15.236,1.08143,1.0814700000000002
BTCUSD,2016-01-04 18:13:15.248,1.08142,1.0814700000000002
BTCUSD,2016-01-04 18:13:15.275,1.0814,1.0814700000000002
BTCUSD,2016-01-04 18:13:15.300,1.0814,1.08146
BTCUSD,2016-01-04 18:13:15.932,1.08139,1.08146
BTCUSD,2016-01-04 18:13:15.950,1.08142,1.08146
BTCUSD,2016-01-04 18:13:15.999,1.08142,1.0814700000000002
BTCUSD,2016-01-04 18:13:16.159,1.08139,1.08146
BTCUSD,2016-01-04 18:13:16.244,1.0814,1.08146
BTCUSD,2016-01-04 18:13:17.558,1.08139,1.08146
BTCUSD,2016-01-04 18:13:17.604,1.0814,1.08146
BTCUSD,2016-01-04 18:13:17.722,1.0814,1.08144
BTCUSD,2016-01-04 18:13:18.017,1.08139,1.08144
BTCUSD,2016-01-04 18:13:18.782,1.0814,1.08144
BTCUSD,2016-01-04 18:13:18.839,1.0814,1.08146
BTCUSD,2016-01-04 18:13:20.760,1.0814,1.0814700000000002
BTCUSD,2016-01-04 18:13:20.767,1.08142,1.0814700000000002
BTCUSD,2016-01-04 18:13:22.509,1.08146,1.0814700000000002
BTCUSD,2016-01-04 18:13:22.520,1.08146,1.0815
BTCUSD,2016-01-04 18:13:38.229,1.08146,1.08151
BTCUSD,2016-01-04 18:13:38.300,1.08146,1.0815299999999999
BTCUSD,2016-01-04 18:13:38.384,1.0814700000000002,1.0815299999999999
BTCUSD,2016-01-04 18:13:39.924,1.08149,1.0815299999999999
BTCUSD,2016-01-04 18:13:40.022,1.0814700000000002,1.0815299999999999
BTCUSD,2016-01-04 18:13:40.336,1.0814700000000002,1.08154
BTCUSD,2016-01-04 18:13:40.377,1.0814700000000002,1.0815299999999999
BTCUSD,2016-01-04 18:13:40.475,1.0814700000000002,1.08154
BTCUSD,2016-01-04 18:13:40.643,1.08149,1.08154
BTCUSD,2016-01-04 18:13:45.069,1.0814700000000002,1.08154
BTCUSD,2016-01-04 18:13:45.181,1.08149,1.08154
BTCUSD,2016-01-04 18:13:48.418,1.0814700000000002,1.08154
BTCUSD,2016-01-04 18:13:48.532,1.08149,1.08154
BTCUSD,2016-01-04 18:13:48.735,1.0814700000000002,1.08154
BTCUSD,2016-01-04 18:13:50.213,1.08149,1.08154
BTCUSD,2016-01-04 18:13:50.597,1.0814700000000002,1.08154
BTCUSD,2016-01-04 18:13:50.705,1.08149,1.08154
BTCUSD,2016-01-04 18:13:51.337,1.0814700000000002,1.08154
BTCUSD,2016-01-04 18:13:55.530,1.08149,1.08154
BTCUSD,2016-01-04 18:14:01.826,1.0815299999999999,1.08154
BTCUSD,2016-01-04 18:14:01.869,1.08156,1.08158
BTCUSD,2016-01-04 18:14:01.887,1.08156,1.0816
BTCUSD,2016-01-04 18:14:01.921,1.08156,1.08158
BTCUSD,2016-01-04 18:14:01.941,1.08155,1.0816
BTCUSD,2016-01-04 18:14:01.955,1.08156,1.0816
BTCUSD,2016-01-04 18:14:02.690,1.08156,1.0816299999999999
BTCUSD,2016-01-04 18:14:02.724,1.0815700000000001,1.0816299999999999
BTCUSD,2016-01-04 18:14:02.784,1.0815700000000001,1.08164
BTCUSD,2016-01-04 18:14:03.101,1.08159,1.08164
BTCUSD,2016-01-04 18:14:03.123,1.08159,1.0816299999999999
BTCUSD,2016-01-04 18:14:03.147,1.08156,1.0816299999999999
BTCUSD,2016-01-04 18:14:05.800,1.0815700000000001,1.0816299999999999
BTCUSD,2016-01-04 18:14:08.309,1.08156,1.0816299999999999
BTCUSD,2016-01-04 18:14:09.811,1.0815700000000001,1.0816299999999999
BTCUSD,2016-01-04 18:14:12.523,1.0815700000000001,1.08161
BTCUSD,2016-01-04 18:14:12.602,1.08156,1.08161
BTCUSD,2016-01-04 18:14:12.742,1.08156,1.0816
BTCUSD,2016-01-04 18:14:12.998,1.0815700000000001,1.0816
BTCUSD,2016-01-04 18:14:13.029,1.0815700000000001,1.0816299999999999
BTCUSD,2016-01-04 18:14:13.154,1.0815700000000001,1.08161
BTCUSD,2016-01-04 18:14:13.358,1.08159,1.08161
BTCUSD,2016-01-04 18:14:13.402,1.08159,1.08164
BTCUSD,2016-01-04 18:14:13.422,1.0816,1.08164
BTCUSD,2016-01-04 18:14:13.447,1.0816299999999999,1.08166
BTCUSD,2016-01-04 18:14:13.473,1.0816299999999999,1.0816700000000001
BTCUSD,2016-01-04 18:14:13.917,1.08162,1.0816700000000001
BTCUSD,2016-01-04 18:14:14.162,1.08162,1.08166
BTCUSD,2016-01-04 18:14:14.323,1.0816,1.08166
BTCUSD,2016-01-04 18:14:14.594,1.0816,1.08164
BTCUSD,2016-01-04 18:14:14.607,1.0816299999999999,1.08164
BTCUSD,2016-01-04 18:14:14.683,1.0816299999999999,1.0816700000000001
BTCUSD,2016-01-04 18:14:15.235,1.08162,1.0816700000000001
BTCUSD,2016-01-04 18:14:15.676,1.08162,1.08166
BTCUSD,2016-01-04 18:14:15.916,1.08162,1.0816700000000001
BTCUSD,2016-01-04 18:14:17.875,1.0816,1.08166
BTCUSD,2016-01-04 18:14:19.068,1.08162,1.08166
BTCUSD,2016-01-04 18:14:19.273,1.0816,1.08166
BTCUSD,2016-01-04 18:14:20.609,1.0816299999999999,1.0816700000000001
BTCUSD,2016-01-04 18:14:20.626,1.08166,1.0816700000000001
BTCUSD,2016-01-04 18:14:20.660,1.08166,1.0817
BTCUSD,2016-01-04 18:14:20.707,1.08166,1.08171
BTCUSD,2016-01-04 18:14:24.288,1.08166,1.08168
BTCUSD,2016-01-04 18:14:24.297,1.0816299999999999,1.08168
BTCUSD,2016-01-04 18:14:24.327,1.0816299999999999,1.0816700000000001
BTCUSD,2016-01-04 18:14:24.342,1.08166,1.08168
BTCUSD,2016-01-04 18:14:24.350,1.0816299999999999,1.0816700000000001
BTCUSD,2016-01-04 18:14:24.432,1.08162,1.08166
BTCUSD,2016-01-04 18:14:24.459,1.0816,1.08166
BTCUSD,2016-01-04 18:14:24.506,1.08162,1.08166
BTCUSD,2016-01-04 18:14:24.521,1.0816,1.08166
BTCUSD,2016-01-04 18:14:24.730,1.08159,1.08166
BTCUSD,2016-01-04 18:14:24.743,1.08159,1.08164
BTCUSD,2016-01-04 18:14:25.078,1.0816,1.08164
BTCUSD,2016-01-04 18:14:25.224,1.08159,1.08164
BTCUSD,2016-01-04 18:14:25.267,1.0816,1.08164
BTCUSD,2016-01-04 18:14:25.286,1.08159,1.08164
BTCUSD,2016-01-04 18:14:26.012,1.08166,1.0816700000000001
BTCUSD,2016-01-04 18:14:26.042,1.08166,1.0817
BTCUSD,2016-01-04 18:14:26.054,1.08166,1.08171
BTCUSD,2016-01-04 18:14:26.287,1.08166,1.0817
BTCUSD,2016-01-04 18:14:26.308,1.0816299999999999,1.08168
BTCUSD,2016-01-04 18:14:26.426,1.08166,1.08168
BTCUSD,2016-01-04 18:14:26.441,1.08162,1.08168
BTCUSD,2016-01-04 18:14:26.464,1.0816299999999999,1.08168
BTCUSD,2016-01-04 18:14:26.533,1.08166,1.0817
BTCUSD,2016-01-04 18:14:26.850,1.08166,1.08171
BTCUSD,2016-01-04 18:14:26.856,1.08166,1.0817
BTCUSD,2016-01-04 18:14:27.083,1.0816299999999999,1.0817
BTCUSD,2016-01-04 18:14:27.270,1.0816299999999999,1.08168
BTCUSD,2016-01-04 18:14:29.309,1.08166,1.08168
BTCUSD,2016-01-04 18:14:29.380,1.08166,1.08171
BTCUSD,2016-01-04 18:14:29.394,1.08166,1.0817
BTCUSD,2016-01-04 18:14:29.425,1.08166,1.08171
BTCUSD,2016-01-04 18:14:31.271,1.08166,1.0817
BTCUSD,2016-01-04 18:14:33.791,1.08166,1.08171
BTCUSD,2016-01-04 18:14:43.122,1.08169,1.08171
BTCUSD,2016-01-04 18:14:43.140,1.0817,1.08174
BTCUSD,2016-01-04 18:14:43.190,1.0817299999999999,1.08174
BTCUSD,2016-01-04 18:14:43.202,1.08172,1.0817700000000001
BTCUSD,2016-01-04 18:14:43.312,1.0817299999999999,1.0817700000000001
BTCUSD,2016-01-04 18:14:43.345,1.0817299999999999,1.08178
BTCUSD,2016-01-04 18:14:43.447,1.0817299999999999,1.0817700000000001
BTCUSD,2016-01-04 18:14:43.496,1.08172,1.0817700000000001
BTCUSD,2016-01-04 18:14:43.532,1.08172,1.08175
BTCUSD,2016-01-04 18:14:43.546,1.0817,1.08175
BTCUSD,2016-01-04 18:14:43.949,1.0817,1.08174
BTCUSD,2016-01-04 18:14:44.053,1.0817,1.08175
BTCUSD,2016-01-04 18:14:44.127,1.08172,1.08175
BTCUSD,2016-01-04 18:14:44.144,1.08172,1.0817700000000001
BTCUSD,2016-01-04 18:14:44.185,1.08172,1.08174
BTCUSD,2016-01-04 18:14:44.195,1.08172,1.0817700000000001
BTCUSD,2016-01-04 18:14:44.205,1.08176,1.0818
BTCUSD,2016-01-04 18:14:44.322,1.08176,1.08181
BTCUSD,2016-01-04 18:14:44.396,1.08176,1.0818
BTCUSD,2016-01-04 18:14:44.431,1.08176,1.08181
BTCUSD,2016-01-04 18:14:44.546,1.0817700000000001,1.08181
BTCUSD,2016-01-04 18:14:44.645,1.08176,1.08181
BTCUSD,2016-01-04 18:14:44.972,1.0817700000000001,1.08181
BTCUSD,2016-01-04 18:14:44.997,1.08176,1.08181
BTCUSD,2016-01-04 18:14:45.111,1.0817700000000001,1.08181
BTCUSD,2016-01-04 18:14:45.212,1.0817700000000001,1.0818299999999998
BTCUSD,2016-01-04 18:14:45.563,1.0817700000000001,1.08181
BTCUSD,2016-01-04 18:14:45.573,1.0817700000000001,1.0818299999999998
BTCUSD,2016-01-04 18:14:46.196,1.0817700000000001,1.08184
BTCUSD,2016-01-04 18:14:46.245,1.08179,1.08184
BTCUSD,2016-01-04 18:14:46.315,1.08179,1.0818299999999998
BTCUSD,2016-01-04 18:14:46.354,1.08179,1.08184
BTCUSD,2016-01-04 18:14:46.479,1.08179,1.0818299999999998
BTCUSD,2016-01-04 18:14:46.555,1.08179,1.08184
BTCUSD,2016-01-04 18:14:46.918,1.08179,1.0818299999999998
BTCUSD,2016-01-04 18:14:47.024,1.08179,1.08184
BTCUSD,2016-01-04 18:14:47.319,1.08179,1.0818299999999998
BTCUSD,2016-01-04 18:14:47.347,1.0817700000000001,1.08184
BTCUSD,2016-01-04 18:14:47.397,1.08179,1.08184
BTCUSD,2016-01-04 18:14:47.580,1.08179,1.0818299999999998
BTCUSD,2016-01-04 18:14:47.589,1.08179,1.08184
BTCUSD,2016-01-04 18:14:48.069,1.08179,1.0818299999999998
BTCUSD,2016-01-04 18:14:48.203,1.08179,1.08184
BTCUSD,2016-01-04 18:14:48.389,1.08179,1.0818299999999998
BTCUSD,2016-01-04 18:14:48.525,1.0817700000000001,1.0818299999999998
BTCUSD,2016-01-04 18:14:48.588,1.0817700000000001,1.08184
BTCUSD,2016-01-04 18:14:48.808,1.0818,1.08185
BTCUSD,2016-01-04 18:14:48.907,1.0818,1.08184
BTCUSD,2016-01-04 18:14:49.026,1.08182,1.08184
BTCUSD,2016-01-04 18:14:49.243,1.0818,1.08184
BTCUSD,2016-01-04 18:14:49.367,1.0818,1.08185
BTCUSD,2016-01-04 18:14:50.322,1.0818,1.08184
BTCUSD,2016-01-04 18:14:50.455,1.0818,1.08185
BTCUSD,2016-01-04 18:14:50.491,1.0818,1.08184
BTCUSD,2016-01-04 18:14:50.792,1.08179,1.08184
BTCUSD,2016-01-04 18:14:51.020,1.08179,1.0818299999999998
BTCUSD,2016-01-04 18:14:59.260,1.0818,1.0818299999999998
BTCUSD,2016-01-04 18:14:59.372,1.08179,1.0818299999999998
BTCUSD,2016-01-04 18:14:59.428,1.08179,1.08184
BTCUSD,2016-01-04 18:14:59.795,1.0818,1.08184
BTCUSD,2016-01-04 18:15:02.670,1.08179,1.08184
BTCUSD,2016-01-04 18:15:02.776,1.08179,1.0818299999999998
BTCUSD,2016-01-04 18:15:02.825,1.08179,1.08184
BTCUSD,2016-01-04 18:15:02.949,1.08179,1.0818299999999998
BTCUSD,2016-01-04 18:15:03.549,1.0818,1.0818299999999998
BTCUSD,2016-01-04 18:15:03.687,1.08179,1.0818299999999998
BTCUSD,2016-01-04 18:15:08.056,1.0817700000000001,1.0818299999999998
BTCUSD,2016-01-04 18:15:08.555,1.0817700000000001,1.08184
BTCUSD,2016-01-04 18:15:08.660,1.08179,1.08184
BTCUSD,2016-01-04 18:15:08.946,1.08179,1.0818299999999998
BTCUSD,2016-01-04 18:15:08.958,1.0817700000000001,1.0818299999999998
BTCUSD,2016-01-04 18:15:10.421,1.0817700000000001,1.08184
BTCUSD,2016-01-04 18:15:10.449,1.0817700000000001,1.0818299999999998
BTCUSD,2016-01-04 18:15:10.643,1.0817700000000001,1.08184
BTCUSD,2016-01-04 18:15:10.753,1.0817700000000001,1.08181
BTCUSD,2016-01-04 18:15:10.869,1.0817700000000001,1.08184
BTCUSD,2016-01-04 18:15:10.980,1.0817700000000001,1.0818299999999998
BTCUSD,2016-01-04 18:15:10.994,1.0817700000000001,1.08181
BTCUSD,2016-01-04 18:15:11.960,1.08179,1.08181
BTCUSD,2016-01-04 18:15:12.053,1.0817700000000001,1.08181
BTCUSD,2016-01-04 18:15:13.978,1.0817700000000001,1.0818299999999998
BTCUSD,2016-01-04 18:15:14.111,1.08179,1.0818299999999998
BTCUSD,2016-01-04 18:15:14.412,1.08179,1.08184
BTCUSD,2016-01-04 18:15:14.577,1.0818,1.08184
BTCUSD,2016-01-04 18:15:15.853,1.08179,1.08184
BTCUSD,2016-01-04 18:15:16.196,1.0818,1.08184
BTCUSD,2016-01-04 18:15:17.505,1.08179,1.08184
BTCUSD,2016-01-04 18:15:26.200,1.0818,1.08184
BTCUSD,2016-01-04 18:15:26.486,1.0818,1.0818299999999998
BTCUSD,2016-01-04 18:15:26.539,1.08179,1.0818299999999998
BTCUSD,2016-01-04 18:15:26.953,1.08179,1.08184
BTCUSD,2016-01-04 18:15:26.972,1.0817700000000001,1.08184
BTCUSD,2016-01-04 18:15:27.005,1.0817700000000001,1.08181
BTCUSD,2016-01-04 18:15:27.041,1.08176,1.08181
BTCUSD,2016-01-04 18:15:27.057,1.0817700000000001,1.08181
BTCUSD,2016-01-04 18:15:27.415,1.08176,1.08181
BTCUSD,2016-01-04 18:15:31.045,1.08176,1.0818299999999998
BTCUSD,2016-01-04 18:15:31.148,1.08176,1.08181
BTCUSD,2016-01-04 18:15:32.045,1.08176,1.0818299999999998
BTCUSD,2016-01-04 18:15:32.150,1.08176,1.08181
BTCUSD,2016-01-04 18:15:32.209,1.0817700000000001,1.08181
BTCUSD,2016-01-04 18:15:32.982,1.08176,1.08181
BTCUSD,2016-01-04 18:15:33.433,1.0817700000000001,1.08181
BTCUSD,2016-01-04 18:15:33.668,1.08179,1.08181
BTCUSD,2016-01-04 18:15:33.788,1.08176,1.08181
BTCUSD,2016-01-04 18:15:33.856,1.0817700000000001,1.0818299999999998
BTCUSD,2016-01-04 18:15:33.919,1.0817700000000001,1.08184
BTCUSD,2016-01-04 18:15:34.045,1.08179,1.08184
BTCUSD,2016-01-04 18:15:34.078,1.0817700000000001,1.08184
BTCUSD,2016-01-04 18:15:34.193,1.08179,1.08184
BTCUSD,2016-01-04 18:15:35.459,1.0817700000000001,1.08184
BTCUSD,2016-01-04 18:15:36.487,1.08179,1.08184
BTCUSD,2016-01-04 18:15:37.049,1.0817700000000001,1.08184
BTCUSD,2016-01-04 18:15:37.727,1.08179,1.08184
BTCUSD,2016-01-04 18:15:38.250,1.0817700000000001,1.08184
BTCUSD,2016-01-04 18:15:39.417,1.08179,1.08184
BTCUSD,2016-01-04 18:15:42.798,1.08179,1.0818299999999998
BTCUSD,2016-01-04 18:15:44.005,1.08179,1.08184
BTCUSD,2016-01-04 18:15:46.687,1.0818,1.08184
BTCUSD,2016-01-04 18:15:46.865,1.0818,1.08185
BTCUSD,2016-01-04 18:15:47.564,1.08182,1.08185
BTCUSD,2016-01-04 18:15:48.220,1.0818,1.08185
BTCUSD,2016-01-04 18:15:48.234,1.0818,1.08184
BTCUSD,2016-01-04 18:15:52.755,1.08179,1.08184
BTCUSD,2016-01-04 18:15:52.862,1.0818,1.08184
BTCUSD,2016-01-04 18:15:54.346,1.08179,1.08184
BTCUSD,2016-01-04 18:15:54.465,1.0818,1.08184
BTCUSD,2016-01-04 18:15:55.548,1.08179,1.08184
BTCUSD,2016-01-04 18:16:00.119,1.0818,1.08184
BTCUSD,2016-01-04 18:16:00.255,1.08179,1.08184
BTCUSD,2016-01-04 18:16:00.458,1.08179,1.0818299999999998
BTCUSD,2016-01-04 18:16:00.470,1.08179,1.08181
BTCUSD,2016-01-04 18:16:00.518,1.0817700000000001,1.08181
BTCUSD,2016-01-04 18:16:00.636,1.08176,1.08181
BTCUSD,2016-01-04 18:16:02.740,1.08176,1.0818
BTCUSD,2016-01-04 18:16:02.765,1.08176,1.08178
BTCUSD,2016-01-04 18:16:02.783,1.0817299999999999,1.0817700000000001
BTCUSD,2016-01-04 18:16:02.867,1.0817299999999999,1.08175
BTCUSD,2016-01-04 18:16:02.959,1.0817,1.08174
BTCUSD,2016-01-04 18:16:03.507,1.08169,1.08174
BTCUSD,2016-01-04 18:16:04.888,1.08169,1.08171
BTCUSD,2016-01-04 18:16:04.909,1.08169,1.0817
BTCUSD,2016-01-04 18:16:04.939,1.08166,1.08168
BTCUSD,2016-01-04 18:16:04.957,1.08166,1.08171
BTCUSD,2016-01-04 18:16:10.131,1.08166,1.08168
BTCUSD,2016-01-04 18:16:10.221,1.08165,1.08168
BTCUSD,2016-01-04 18:16:10.239,1.0816299999999999,1.0816700000000001
BTCUSD,2016-01-04 18:16:10.248,1.08162,1.0816700000000001
BTCUSD,2016-01-04 18:16:10.339,1.08162,1.08166
BTCUSD,2016-01-04 18:16:14.124,1.0816,1.08164
BTCUSD,2016-01-04 18:16:14.139,1.08159,1.08164
BTCUSD,2016-01-04 18:16:15.284,1.0816,1.08164
BTCUSD,2016-01-04 18:16:16.095,1.08159,1.08164
BTCUSD,2016-01-04 18:16:17.009,1.0816,1.08164
BTCUSD,2016-01-04 18:16:20.538,1.08159,1.08164
BTCUSD,2016-01-04 18:16:23.642,1.0816,1.08164
BTCUSD,2016-01-04 18:16:23.656,1.08159,1.08164
BTCUSD,2016-01-04 18:16:23.688,1.08162,1.08166
BTCUSD,2016-01-04 18:16:23.709,1.08166,1.0816700000000001
BTCUSD,2016-01-04 18:16:23.744,1.08166,1.08171
BTCUSD,2016-01-04 18:16:23.761,1.0816700000000001,1.08171
BTCUSD,2016-01-04 18:16:23.895,1.08166,1.08171
BTCUSD,2016-01-04 18:16:23.950,1.08166,1.0817299999999999
BTCUSD,2016-01-04 18:16:24.054,1.0816700000000001,1.0817299999999999
BTCUSD,2016-01-04 18:16:24.126,1.0816700000000001,1.08174
BTCUSD,2016-01-04 18:16:24.263,1.08169,1.08174
BTCUSD,2016-01-04 18:16:24.967,1.0817,1.08174
BTCUSD,2016-01-04 18:16:28.931,1.0817299999999999,1.08174
BTCUSD,2016-01-04 18:16:28.941,1.08172,1.08174
BTCUSD,2016-01-04 18:16:28.954,1.0817299999999999,1.0817700000000001
BTCUSD,2016-01-04 18:16:29.020,1.08176,1.08178
BTCUSD,2016-01-04 18:16:29.038,1.08176,1.0818
BTCUSD,2016-01-04 18:16:29.195,1.08176,1.08181
BTCUSD,2016-01-04 18:16:29.318,1.0817700000000001,1.08181
BTCUSD,2016-01-04 18:16:29.340,1.08176,1.08181
BTCUSD,2016-01-04 18:16:29.910,1.08176,1.08178
BTCUSD,2016-01-04 18:16:29.932,1.0817299999999999,1.08178
BTCUSD,2016-01-04 18:16:30.074,1.0817299999999999,1.0818
BTCUSD,2016-01-04 18:16:30.086,1.0817299999999999,1.0817700000000001
BTCUSD,2016-01-04 18:16:30.099,1.0817299999999999,1.0818
BTCUSD,2016-01-04 18:16:30.334,1.0817299999999999,1.08178
BTCUSD,2016-01-04 18:16:30.381,1.0817299999999999,1.0817700000000001
BTCUSD,2016-01-04 18:16:30.384,1.0817,1.0817700000000001
BTCUSD,2016-01-04 18:16:30.410,1.0817,1.08175
BTCUSD,2016-01-04 18:16:30.798,1.0817,1.08174
BTCUSD,2016-01-04 18:16:31.322,1.0817299999999999,1.08174
BTCUSD,2016-01-04 18:16:31.748,1.08172,1.08174
BTCUSD,2016-01-04 18:16:31.957,1.08172,1.08175
BTCUSD,2016-01-04 18:16:32.011,1.0817,1.08175
BTCUSD,2016-01-04 18:16:33.220,1.08169,1.08175
BTCUSD,2016-01-04 18:16:33.777,1.0817,1.08175
BTCUSD,2016-01-04 18:16:34.466,1.0817,1.08174
BTCUSD,2016-01-04 18:16:35.061,1.0817,1.08175
BTCUSD,2016-01-04 18:16:35.653,1.0817,1.08174
BTCUSD,2016-01-04 18:16:36.341,1.08169,1.08174
BTCUSD,2016-01-04 18:16:36.542,1.0817,1.08174
BTCUSD,2016-01-04 18:16:39.070,1.08169,1.08174
BTCUSD,2016-01-04 18:16:39.194,1.0817,1.08174
BTCUSD,2016-01-04 18:16:40.095,1.08169,1.08174
BTCUSD,2016-01-04 18:16:40.141,1.0817,1.08174
BTCUSD,2016-01-04 18:16:40.745,1.08169,1.08174
BTCUSD,2016-01-04 18:16:41.378,1.0817,1.08174
BTCUSD,2016-01-04 18:16:41.818,1.0817,1.08175
BTCUSD,2016-01-04 18:16:43.091,1.08172,1.08175
BTCUSD,2016-01-04 18:16:43.694,1.0817,1.08175
BTCUSD,2016-01-04 18:16:49.864,1.0817,1.08174
BTCUSD,2016-01-04 18:16:52.801,1.08169,1.08174
BTCUSD,2016-01-04 18:16:52.826,1.08169,1.0817299999999999
BTCUSD,2016-01-04 18:16:52.844,1.08169,1.08171
BTCUSD,2016-01-04 18:16:52.930,1.08166,1.0817
BTCUSD,2016-01-04 18:16:52.954,1.08166,1.08168
BTCUSD,2016-01-04 18:16:52.992,1.08166,1.0817
BTCUSD,2016-01-04 18:16:53.063,1.08165,1.0817
BTCUSD,2016-01-04 18:16:53.081,1.08165,1.08168
BTCUSD,2016-01-04 18:16:53.156,1.08165,1.0816700000000001
BTCUSD,2016-01-04 18:16:53.157,1.08166,1.0816700000000001
BTCUSD,2016-01-04 18:16:53.285,1.08166,1.08171
BTCUSD,2016-01-04 18:16:53.417,1.0816700000000001,1.08171
BTCUSD,2016-01-04 18:16:53.527,1.0816700000000001,1.0817299999999999
BTCUSD,2016-01-04 18:16:53.536,1.08169,1.0817299999999999
BTCUSD,2016-01-04 18:16:53.648,1.08169,1.08171
BTCUSD,2016-01-04 18:16:55.044,1.08169,1.0817299999999999
BTCUSD,2016-01-04 18:16:55.131,1.08169,1.08171
BTCUSD,2016-01-04 18:16:57.837,1.08169,1.0817299999999999
BTCUSD,2016-01-04 18:16:57.965,1.08169,1.08171
BTCUSD,2016-01-04 18:16:58.378,1.08169,1.0817299999999999
BTCUSD,2016-01-04 18:16:58.545,1.08169,1.08171
BTCUSD,2016-01-04 18:16:58.671,1.08169,1.0817299999999999
BTCUSD,2016-01-04 18:16:58.764,1.08169,1.08171
BTCUSD,2016-01-04 18:17:01.502,1.08169,1.0817
BTCUSD,2016-01-04 18:17:01.616,1.0816700000000001,1.0817
BTCUSD,2016-01-04 18:17:01.644,1.0816700000000001,1.08171
BTCUSD,2016-01-04 18:17:01.788,1.0816700000000001,1.08168
BTCUSD,2016-01-04 18:17:04.327,1.08166,1.08168
BTCUSD,2016-01-04 18:17:06.021,1.0816700000000001,1.08168
BTCUSD,2016-01-04 18:17:06.079,1.0816700000000001,1.08171
BTCUSD,2016-01-04 18:17:06.091,1.08169,1.08171
BTCUSD,2016-01-04 18:17:06.218,1.08169,1.0817299999999999
BTCUSD,2016-01-04 18:17:06.284,1.08169,1.08171
BTCUSD,2016-01-04 18:17:06.539,1.0816700000000001,1.08171
BTCUSD,2016-01-04 18:17:09.590,1.0816700000000001,1.0817299999999999
BTCUSD,2016-01-04 18:17:09.613,1.08169,1.0817299999999999
BTCUSD,2016-01-04 18:17:09.766,1.08169,1.08171
BTCUSD,2016-01-04 18:17:10.085,1.08169,1.0817299999999999
BTCUSD,2016-01-04 18:17:10.166,1.08169,1.08171
BTCUSD,2016-01-04 18:17:21.948,1.08169,1.0817299999999999
BTCUSD,2016-01-04 18:17:22.069,1.08169,1.08171
BTCUSD,2016-01-04 18:17:22.195,1.08169,1.0817299999999999
BTCUSD,2016-01-04 18:17:22.337,1.08169,1.08171
BTCUSD,2016-01-04 18:17:22.436,1.08169,1.0817299999999999
BTCUSD,2016-01-04 18:17:22.559,1.08169,1.08171
BTCUSD,2016-01-04 18:17:22.691,1.08169,1.0817299999999999
BTCUSD,2016-01-04 18:17:22.826,1.08169,1.08171
BTCUSD,2016-01-04 18:17:23.649,1.08169,1.0817299999999999
BTCUSD,2016-01-04 18:17:23.778,1.08169,1.08171
BTCUSD,2016-01-04 18:17:23.918,1.08169,1.0817299999999999
BTCUSD,2016-01-04 18:17:23.923,1.0816700000000001,1.0817299999999999
BTCUSD,2016-01-04 18:17:23.978,1.0816700000000001,1.08171
BTCUSD,2016-01-04 18:17:24.827,1.0816700000000001,1.0817299999999999
BTCUSD,2016-01-04 18:17:25.023,1.0816700000000001,1.08171
BTCUSD,2016-01-04 18:17:25.202,1.0816700000000001,1.0817299999999999
BTCUSD,2016-01-04 18:17:25.357,1.0816700000000001,1.08171
BTCUSD,2016-01-04 18:17:25.495,1.0816700000000001,1.0817299999999999
BTCUSD,2016-01-04 18:17:25.650,1.0816700000000001,1.08171
BTCUSD,2016-01-04 18:17:25.935,1.0816700000000001,1.0817299999999999
BTCUSD,2016-01-04 18:17:26.128,1.0816700000000001,1.08171
BTCUSD,2016-01-04 18:17:26.291,1.0816700000000001,1.0817299999999999
BTCUSD,2016-01-04 18:17:26.514,1.0816700000000001,1.08171
BTCUSD,2016-01-04 18:17:26.620,1.08169,1.08171
BTCUSD,2016-01-04 18:17:26.702,1.08169,1.0817299999999999
BTCUSD,2016-01-04 18:17:26.838,1.08169,1.08171
BTCUSD,2016-01-04 18:17:30.251,1.08169,1.0817299999999999
BTCUSD,2016-01-04 18:17:30.396,1.08169,1.08171
BTCUSD,2016-01-04 18:17:30.504,1.08169,1.0817299999999999
BTCUSD,2016-01-04 18:17:30.635,1.08169,1.0817
BTCUSD,2016-01-04 18:17:30.997,1.08169,1.08171
BTCUSD,2016-01-04 18:17:31.109,1.08169,1.0817299999999999
BTCUSD,2016-01-04 18:17:31.221,1.08169,1.08171
BTCUSD,2016-01-04 18:17:31.323,1.08169,1.0817299999999999
BTCUSD,2016-01-04 18:17:31.497,1.08169,1.08171
BTCUSD,2016-01-04 18:17:32.394,1.08169,1.0817299999999999
BTCUSD,2016-01-04 18:17:32.520,1.08169,1.0817
BTCUSD,2016-01-04 18:17:35.833,1.08169,1.08171
BTCUSD,2016-01-04 18:17:35.946,1.08169,1.0817299999999999
BTCUSD,2016-01-04 18:17:36.280,1.08169,1.08171
BTCUSD,2016-01-04 18:17:36.375,1.08169,1.0817299999999999
BTCUSD,2016-01-04 18:17:36.482,1.08169,1.08171
BTCUSD,2016-01-04 18:17:39.224,1.08169,1.0817299999999999
BTCUSD,2016-01-04 18:17:39.518,1.08169,1.08171
BTCUSD,2016-01-04 18:17:39.929,1.0816700000000001,1.08171
BTCUSD,2016-01-04 18:17:39.946,1.0816700000000001,1.0817299999999999
BTCUSD,2016-01-04 18:17:39.962,1.0816700000000001,1.08174
BTCUSD,2016-01-04 18:17:40.012,1.08169,1.08174
BTCUSD,2016-01-04 18:17:40.024,1.0817,1.08174
BTCUSD,2016-01-04 18:17:40.074,1.0817,1.0817299999999999
BTCUSD,2016-01-04 18:17:40.085,1.0817,1.08174
BTCUSD,2016-01-04 18:17:41.614,1.0817,1.0817299999999999
BTCUSD,2016-01-04 18:17:41.624,1.08169,1.0817299999999999
BTCUSD,2016-01-04 18:17:41.636,1.08169,1.08171
BTCUSD,2016-01-04 18:17:41.796,1.08169,1.0817299999999999
BTCUSD,2016-01-04 18:17:42.675,1.08169,1.08174
BTCUSD,2016-01-04 18:17:42.747,1.08169,1.0817299999999999
BTCUSD,2016-01-04 18:17:43.150,1.08169,1.08174
BTCUSD,2016-01-04 18:17:43.405,1.0817299999999999,1.08175
BTCUSD,2016-01-04 18:17:43.419,1.0817299999999999,1.0817700000000001
BTCUSD,2016-01-04 18:17:43.434,1.08172,1.0817700000000001
BTCUSD,2016-01-04 18:17:43.572,1.0817299999999999,1.0817700000000001
BTCUSD,2016-01-04 18:17:43.652,1.08172,1.0817700000000001
BTCUSD,2016-01-04 18:17:43.796,1.08172,1.08175
BTCUSD,2016-01-04 18:17:43.934,1.0817,1.08175
BTCUSD,2016-01-04 18:17:43.982,1.0817,1.08174
BTCUSD,2016-01-04 18:17:44.006,1.0817,1.08175
BTCUSD,2016-01-04 18:17:44.140,1.0817,1.08174
BTCUSD,2016-01-04 18:17:44.280,1.0817,1.08175
BTCUSD,2016-01-04 18:17:44.398,1.0817,1.08174
BTCUSD,2016-01-04 18:17:44.507,1.0817,1.08175
BTCUSD,2016-01-04 18:17:44.528,1.08172,1.08175
BTCUSD,2016-01-04 18:17:44.538,1.08172,1.0817700000000001
BTCUSD,2016-01-04 18:17:44.832,1.0817299999999999,1.0817700000000001
BTCUSD,2016-01-04 18:17:44.908,1.0817299999999999,1.08178
BTCUSD,2016-01-04 18:17:45.002,1.08176,1.0818
BTCUSD,2016-01-04 18:17:45.109,1.08176,1.08181
BTCUSD,2016-01-04 18:17:45.143,1.0817700000000001,1.08181
BTCUSD,2016-01-04 18:17:45.524,1.0817700000000001,1.0818299999999998
BTCUSD,2016-01-04 18:17:45.545,1.0818,1.08184
BTCUSD,2016-01-04 18:17:45.818,1.08182,1.08184
BTCUSD,2016-01-04 18:17:45.965,1.08182,1.08185
BTCUSD,2016-01-04 18:17:45.983,1.08182,1.08184
BTCUSD,2016-01-04 18:17:46.001,1.0818299999999998,1.08185
BTCUSD,2016-01-04 18:17:46.050,1.0818299999999998,1.08184
BTCUSD,2016-01-04 18:17:46.275,1.08186,1.08188
BTCUSD,2016-01-04 18:17:46.290,1.08186,1.0819
BTCUSD,2016-01-04 18:17:46.321,1.08186,1.08191
BTCUSD,2016-01-04 18:17:46.340,1.08189,1.08191
BTCUSD,2016-01-04 18:17:46.404,1.08189,1.08194
BTCUSD,2016-01-04 18:17:46.529,1.08189,1.08191
BTCUSD,2016-01-04 18:17:46.554,1.08189,1.08194
BTCUSD,2016-01-04 18:17:46.576,1.08189,1.08191
BTCUSD,2016-01-04 18:17:46.664,1.08189,1.08192
BTCUSD,2016-01-04 18:17:46.761,1.08189,1.08191
BTCUSD,2016-01-04 18:17:46.789,1.08187,1.08191
BTCUSD,2016-01-04 18:17:47.034,1.08187,1.0819
BTCUSD,2016-01-04 18:17:47.419,1.08187,1.08191
BTCUSD,2016-01-04 18:17:47.482,1.08187,1.08192
BTCUSD,2016-01-04 18:17:47.767,1.08187,1.08191
BTCUSD,2016-01-04 18:17:47.942,1.08187,1.0819
BTCUSD,2016-01-04 18:17:48.140,1.08186,1.0819
BTCUSD,2016-01-04 18:17:48.176,1.08187,1.0819
BTCUSD,2016-01-04 18:17:48.182,1.08186,1.08191
BTCUSD,2016-01-04 18:17:48.220,1.08187,1.08191
BTCUSD,2016-01-04 18:17:48.241,1.08187,1.0819
BTCUSD,2016-01-04 18:17:48.341,1.08187,1.08191
BTCUSD,2016-01-04 18:17:48.392,1.08187,1.0819
BTCUSD,2016-01-04 18:17:48.400,1.08187,1.08188
BTCUSD,2016-01-04 18:17:48.424,1.08186,1.08188
BTCUSD,2016-01-04 18:17:48.458,1.08187,1.08188
BTCUSD,2016-01-04 18:17:48.468,1.08187,1.08191
BTCUSD,2016-01-04 18:17:48.567,1.08187,1.08192
BTCUSD,2016-01-04 18:17:48.731,1.08187,1.08191
BTCUSD,2016-01-04 18:17:48.926,1.08187,1.08192
BTCUSD,2016-01-04 18:17:48.944,1.08187,1.08191
BTCUSD,2016-01-04 18:17:49.586,1.08187,1.08188
BTCUSD,2016-01-04 18:17:49.607,1.08187,1.0819
BTCUSD,2016-01-04 18:17:49.627,1.08184,1.08188
BTCUSD,2016-01-04 18:17:49.636,1.0818299999999998,1.08188
BTCUSD,2016-01-04 18:17:49.771,1.08186,1.08188
BTCUSD,2016-01-04 18:17:49.788,1.08186,1.0819
BTCUSD,2016-01-04 18:17:49.825,1.08186,1.08191
BTCUSD,2016-01-04 18:17:49.994,1.08186,1.0819
BTCUSD,2016-01-04 18:17:50.093,1.08186,1.08191
BTCUSD,2016-01-04 18:17:50.202,1.08187,1.08191
BTCUSD,2016-01-04 18:17:50.222,1.08187,1.0819
BTCUSD,2016-01-04 18:17:50.261,1.08187,1.08191
BTCUSD,2016-01-04 18:17:50.271,1.08187,1.08192
BTCUSD,2016-01-04 18:17:50.425,1.08187,1.08191
BTCUSD,2016-01-04 18:17:50.750,1.08187,1.08192
BTCUSD,2016-01-04 18:17:51.281,1.08187,1.0819
BTCUSD,2016-01-04 18:17:51.293,1.08187,1.08191
BTCUSD,2016-01-04 18:17:52.112,1.08187,1.08192
BTCUSD,2016-01-04 18:17:52.137,1.0819,1.08192
BTCUSD,2016-01-04 18:17:52.256,1.08187,1.08192
BTCUSD,2016-01-04 18:17:52.608,1.0819299999999998,1.08195
